2760 4874
414 275 622 336 ANNALIUM
638 275 763 333 alan.
781 277 901 332 37-39.
1127 267 1169 334 59

137 384 159 422 ρ.
169 370 212 412 ca.
222 371 258 410 aa

136 438 279 515 deficiet3
300 457 361 501 noc
378 456 454 500 sanc
470 435 541 501 ideo
558 457 579 499 a
599 433 769 500 maioribus
787 455 972 500 concessum
993 445 1041 502 est
1063 438 1171 524 egredi

139 531 314 618 aliquando
334 528 517 595 relationem
535 537 567 593 et
584 529 669 612 quod
689 529 906 594 incommune
928 530 1081 595 conducat
1102 532 1171 596 loco

139 625 316 693 sententiae
341 622 495 708 proferre,
521 632 557 686 ut
578 622 701 708 privata
726 623 853 709 negotia
874 631 905 687 et
925 645 976 688 res
1003 624 1171 690 familiares

139 729 265 786 nostras
283 717 337 782 hic
359 738 531 804 augeamus
550 738 622 780 oum
644 717 763 782 invidia
785 726 911 781 senatus
933 725 965 781 et
985 719 1172 804 principum,

140 815 208 880 sive
237 811 427 878 indulserint
451 810 662 896 largitionem,
696 810 762 875 sive
792 809 970 888 abnuerint3
1001 815 1172 878 nonenim

141 930 255 995 preces
271 915 346 972 stant
361 905 448 971 istud
465 905 522 970 sed
539 904 737 991 efflagitatio,
760 905 981 990 intempestiva
997 907 1124 990 quidem
1141 919 1173 973 et

140 1000 316 1087 inprovisa,
336 1021 409 1064 oum
426 997 495 1064 aliis
512 996 663 1064 derebus
682 999 883 1063 convenerint
899 1011 1019 1084 patres,
1043 1022 1172 1066 consur·
1221 1011 1225 1018 '

142 1117 217 1182 gere
235 1104 268 1159 et
289 1114 420 1158 numero
437 1101 530 1176 atque
547 1100 649 1157 aetate
666 1090 799 1156 liberum
821 1115 949 1157 suorum
970 1116 1082 1180 urgere
1104 1118 1172 1159 mo-

142 1189 278 1256 destiam
296 1196 438 1266 senatus,
456 1187 589 1252 eandem
605 1187 670 1251 vim
687 1187 721 1251 in
737 1209 788 1252 me
806 1188 1013 1253 transmittere
1031 1210 1069 1253 ac
1085 1189 1172 1254 velut

143 1282 340 1371 perfringere
365 1282 532 1359 aerarium,
563 1281 649 1365 quod
675 1281 702 1346 si
719 1279 896 1346 ‘ambitione
922 1282 1170 1360 exhauserimus,

142 1400 198 1465 per
220 1377 341 1442 scelera
362 1374 572 1461 supplendum
598 1374 666 1439 erit.
697 1375 783 1439 dedit
808 1374 878 1452 tibi,
905 1374 1051 1453 Hortale,
1078 1376 1170 1442 divus

142 1471 312 1557 Augustus
333 1468 514 1554 pecuniam,
538 1469 595 1533 sed
616 1491 680 1533 non
701 1469 893 1554 conpellatus
914 1491 975 1535 neo
992 1492 1031 1534 ea
1047 1469 1117 1556 lege
1135 1479 1171 1534 ut

144 1585 269 1650 semper
287 1556 429 1640 ¹daretur3
455 1562 638 1648 languescet
659 1562 776 1646 alioqui
801 1563 968 1642 industria,
994 1564 1172 1629 intendetur

143 1658 301 1734 socordia,
320 1654 347 1721 si
364 1655 468 1737 nullus
487 1677 527 1720 ex
544 1679 578 1721 se
596 1665 698 1720 metus
715 1665 771 1720 aut
787 1679 874 1742 spes3
893 1667 925 1722 et
942 1658 1044 1722 securi
1062 1680 1170 1723 omnes

142 1753 248 1818 aliena
269 1749 410 1816 subsidia
430 1749 654 1836 expectabunt,
681 1750 742 1814 sibi
762 1749 885 1837 ignavi,
911 1751 1002 1817 nobis
1025 1757 1169 1838 gravesff

143 1847 223 1914 haee
239 1856 335 1929 atque
353 1843 441 1922 talia,
468 1865 659 1928 quamquam
680 1866 752 1908 cum
774 1846 911 1910 adsensu
933 1846 1040 1909 audita
1065 1845 1105 1910 ab
1132 1845 1170 1909 iis

145 1938 261 2025 quibus
283 1937 389 2004 omnia
408 1937 598 2023 principum,
625 1937 758 2002 honesta
782 1947 877 2021 atque
898 1938 1077 2016 inhonesta,
1104 1938 1171 2002 lau-

144 2034 219 2101 dare
240 2054 312 2097 mos
329 2040 392 2108 est,
414 2031 519 2115 plures
537 2053 594 2115 per
611 2031 768 2095 silentium
786 2042 840 2095 aut
856 2032 1014 2096 occultum
1031 2054 1171 2096 murmur

145 2147 312 2212 excepere,
335 2125 494 2208 sensitque
512 2124 672 2203 Tiberius3
697 2134 818 2189 etcum
839 2125 969 2210 paulum
985 2124 1170 2200 reticuisset,

144 2221 280 2288 Hortalo
298 2243 332 2286 se
349 2220 548 2309 respondisse
567 2221 623 2299 ait3
646 2228 783 2285 ceterum
802 2221 829 2284 si
846 2219 986 2305 patribus
1003 2220 1169 2297 videretur,

144 2317 292 2383 daturum
316 2313 422 2379 liberis
445 2315 512 2379 eius
535 2315 655 2379 ducena
677 2315 820 2378 sestertia
846 2314 977 2399 singulis
1000 2314 1054 2397 qui
1076 2336 1170 2378 sexus

145 2409 243 2474 virilis
261 2417 376 2473 essent
399 2430 491 2494 egere
509 2408 561 2473 alii
577 2418 696 2494 grates:
715 2407 800 2472 siluit
817 2406 979 2484 Hortalus,
998 2428 1113 2492 pavore
1131 2430 1171 2471 an

145 2503 248 2569 avitae
268 2501 440 2567 nobilitatis
463 2502 562 2568 etiam,
573 2503 655 2567 inter
676 2502 837 2587 angustias
859 2501 1002 2567 fortunae
1019 2502 1155 2566 retinens
1161 2522 1170 2579 ;

145 2619 249 2681 neque
274 2596 441 2661 miseratus
469 2605 518 2661 est
543 2596 674 2681 posthac
701 2596 861 2674 Tiberius,
889 2596 1032 2680 quamvis
1059 2596 1170 2661 domus

145 2689 311 2757 Hortensii
326 2690 507 2775 pudendam
524 2692 565 2755 ad
581 2691 719 2775 inopiam
736 2690 941 2756 delaberetur.

210 2782 336 2848 Eodem
353 2806 434 2849 anno
456 2785 604 2870 mancipii
625 2785 717 2850 unius
741 2786 885 2862 audacia,
909 2786 942 2849 ni
958 2796 1079 2851 mature
1098 2784 1171 2852 sub·
1190 2803 1221 2851 39

145 2885 276 2943 ventum
294 2876 388 2954 foret,
412 2878 575 2943 discordiis
593 2879 750 2961 armisque
768 2879 911 2945 civilibus
929 2880 1171 2965 rempublicam

147 2970 341 3056 perculisset.
368 2970 514 3036 Postumi
529 2970 693 3058 Agrippae
716 2995 840 3051 servus,
863 2975 989 3038 nomine
1011 2974 1170 3050 Clemens,

147 3074 296 3150 conperto
321 3065 384 3129 fine
405 3064 548 3151 Augusti
571 3089 702 3151 pergere
724 3068 757 3131 in
778 3068 913 3132 insulam
935 3067 1115 3132 Planasiam
1142 3077 1173 3131 et

147 3160 258 3224 fraude
281 3168 335 3222 aut
356 3159 389 3222 vi
409 3170 533 3244 raptum
551 3159 728 3246 Agrippam
750 3162 831 3226 ferre
853 3163 893 3226 ad
916 3162 1069 3226 exercitus
1093 3159 1173 3226 Ger-

147 3253 289 3318 manicos
310 3275 373 3317 nou
396 3254 500 3317 servili
522 3255 625 3319 animo
648 3256 803 3340 concepit3
831 3279 908 3319 ausa
933 3256 1001 3318 eius
1022 3254 1173 3339 inpedivit

148 3347 279 3413 tarditas
302 3347 461 3411 onerariae
481 3349 586 3426 navis3
613 3357 707 3431 atque
729 3349 852 3412 interim
874 3357 995 3433 patrata
1016 3348 1111 3412 caede
1133 3347 1174 3411 ad

148 3441 268 3505 maiora
276 3449 307 3505 et
316 3441 417 3528 magis
425 3442 607 3527 praecipitia
616 3465 784 3507 conversus
794 3443 915 3506 furatur
922 3442 1041 3506 cineres
1050 3449 1174 3506 vectus·

148 3556 210 3619 que
226 3533 353 3612 Cosam,
372 3533 517 3600 Etruniae
534 3537 789 3622 promontorium,
809 3537 923 3622 ignotis
938 3537 1015 3600 locis
1035 3557 1105 3600 sese
1119 3534 1174 3600 ab·

149 3628 209 3706 dit,
232 3627 332 3693 donec
350 3629 468 3694 crinem
484 3629 903 3715 barbamquelpromitteret3
925 3653 998 3694 nam
1020 3637 1121 3694 aetate
1143 3638 1175 3694 et

149 3724 252 3787 forma
268 3723 354 3787 haud
375 3724 519 3795 dissimili
541 3725 575 3788 in
592 3725 753 3789 dominum
775 3734 849 3789 erat.
878 3735 944 3787 tum
967 3747 1023 3810 per
1043 3724 1173 3789 idoneos

149 3826 182 3882 et
199 3817 311 3881 secreti
329 3816 396 3882 eius
415 3818 515 3884 socios
534 3817 700 3884 crebrescit
717 3819 821 3883 vivere
840 3817 1025 3904 Agrippam,
1045 3819 1173 3884 occultis
1230 3880 1234 3885 .

149 3911 287 3997 primum
309 3911 517 3991 sermonibus,
540 3920 577 3977 ut
596 3912 694 3978 vetita
715 3913 829 3991 solent,
852 3936 926 3977 mox
947 3937 1030 4000 vago
1051 3936 1174 3980 rumore

151 4005 237 4089 apud
262 4005 474 4090 inperitissimi
501 4006 652 4088 cuiusque
679 4017 839 4094 promptas
862 4031 952 4074 aures
975 4017 1029 4075 aut
1050 4032 1174 4074 rursum
