2760 4874
409 372 614 432 ANNALIUM
631 372 704 427 LIB.
717 372 756 427 II.
773 374 892 428 32-36.
1119 363 1160 427 57

134 479 157 518 p.
168 462 211 508 Ch.
223 467 256 506 1s.

193 533 292 598 ·Inter
301 553 384 615 quse
396 531 438 594 L.
451 529 528 596 Piso
542 530 693 595 ambitum
706 528 775 607 sori,
795 539 939 615 corrupta
950 531 1074 609 iudicia,
1083 554 1162 598 sae·
1181 553 1210 599 ss

136 628 247 692 vitiam
265 634 422 690 oratorum
439 623 654 688 accusationes
671 623 878 690 minitantium
895 624 1058 710 increpans
1077 625 1162 690 abire

137 739 175 787 se
189 729 224 786 st
240 719 352 784 cedere
362 715 460 794 -urbe,
478 715 633 781 victurum
649 717 683 780 in
700 716 804 799 aliquo
822 716 928 782 abdito
946 726 977 781 et
992 718 1163 804 longinquo

136 836 211 880 rure
232 811 420 889 testabatur3
444 809 537 874 simul
554 810 672 874 curiam
693 809 897 893 relinquebat.
924 823 1097 876 commotus
1116 823 1164 876 est

139 906 302 982 Tiberius,
325 913 358 969 ct
378 923 568 987 quamquam
588 902 715 968 mitibus
736 903 841 968 verbis
858 903 1007 970 Pisonem
1028 905 1164 991 permul-

139 1001 243 1077 sisset,
262 997 590 1084 propinquos-quoque
603 996 670 1061 eius
683 997 805 1081 impth
821 1007 858 1061 ut
875 996 1041 1063 abeuntem
1058 1009 1164 1063 aucto-

138 1095 230 1160 ritate
247 1092 299 1157 vel
315 1089 460 1177 precibus
478 1099 626 1155 tenerent
647 1089 734 1154 haud
750 1090 853 1156 minus
869 1091 958 1156 liberi
976 1092 1090 1156 doloris
1109 1094 1164 1156 do·

140 1195 323 1253 cumentum
340 1185 425 1248 idem
441 1183 519 1248 Piso
535 1206 609 1249 mox
627 1184 712 1248 dedit
733 1194 844 1249 vocata
860 1185 893 1249 in
911 1186 959 1250 ius
978 1186 1162 1272 Urgulania,

139 1303 235 1365 quam
262 1301 358 1364 supra
381 1277 625 1364 legesamicitia
646 1276 813 1364 Augustae
835 1279 1000 1345 extulerat:
1025 1303 1084 1346 nec
1110 1290 1164 1345 aut

140 1373 318 1462 Urgulania
330 1371 564 1456 obtemperavit,
581 1372 615 1435 in
627 1372 755 1436 domum
769 1371 915 1438 Caesaris
930 1384 1033 1460 spreto
1047 1374 1163 1440 Pisone

140 1475 314 1545 vecta,·aut
330 1466 382 1531 ille
399 1464 561 1542 abscessit,
580 1487 770 1549 quamquam
785 1466 935 1554 Augusta
952 1492 987 1533 se
1004 1469 1114 1534 violari
1132 1480 1163 1534 et

140 1561 284 1627 imminui
296 1569 490 1644 quereretur;
508 1559 663 1637 Tiberius,
677 1561 827 1627 hactenus
840 1563 1001 1650 indulgere
1015 1565 1104 1629 matri
1121 1565 1164 1628 ci-

141 1656 202 1721 vile
218 1663 320 1731 ratus,
342 1663 378 1718 ut
391 1676 429 1719 se
445 1654 561 1718 itumm
578 1653 619 1718 ad
639 1656 790 1739 praetoris
813 1656 960 1735 tribunal,
983 1658 1163 1723 adfuturum

141 1749 336 1836 Urgulaniae
357 1749 486 1825 diceret,
509 1749 661 1832 processit
681 1750 810 1835 palatio,
832 1752 940 1836 procul
963 1753 1051 1837 sequi
1068 1753 1161 1818 iussis

141 1842 301 1909 militibus.
332 1840 531 1928 spectabatur
556 1854 737 1924 occursante
758 1846 875 1930 populo
898 1850 1088 1933 compositus
1110 1871 1162 1913 ore

141 1947 172 2003 et
189 1935 385 2002 sermonibus
403 1935 496 2000 variis
510 1945 632 2020 tempus
641 1946 739 2020 'atque
755 1938 814 2002 iter
831 1938 957 2017 ducens,
976 1942 1075 2006 donec
1092 1964 1164 2027 pro-

140 2031 267 2117 pinquis
284 2029 434 2097 Pisonem
450 2031 567 2095 frustra
579 2031 796 2097 ‘coercentibus
815 2033 928 2099 deferri
944 2034 1093 2122 Augusta
1108 2058 1164 2121 ps-

141 2125 267 2191 cuniam
288 2146 369 2208 quae
393 2123 558 2209 petebatur
581 2124 716 2190 iuberet:
742 2126 831 2209 isque
856 2128 927 2192 finis
953 2129 1013 2206 rei,
1041 2151 1080 2193 ex
1102 2150 1164 2210 qua

51 2303 54 2313 Ι
141 2242 244 2304 neque
252 2219 334 2284 Piso
351 2219 502 2305 inglorius
520 2228 552 2284 et
566 2218 685 2284 Caesar
697 2221 813 2285 maiore
831 2221 917 2285 fama
934 2221 1002 2285 suit.
1026 2231 1163 2286 ceterum

141 2313 338 2400 Urgulaniae
359 2313 498 2398 potentia
519 2313 597 2377 adeo
619 2313 716 2378 nimia
740 2314 858 2378 civitati
876 2323 943 2378 erat
963 2322 999 2377 ut
1021 2315 1109 2378 testis
1131 2314 1164 2377 in

142 2429 239 2473 causa
255 2406 390 2492 quadam
408 2428 489 2490 quae
511 2408 596 2491 apud
613 2416 760 2472 senatum
782 2406 971 2471 mactabatur
987 2407 1093 2473 venire
1110 2407 1165 2470 de-

142 2501 336 2588 dignaretur:
355 2500 471 2565 missus
489 2510 538 2565 est
553 2510 678 2585 praetor
694 2500 748 2582 qui
765 2501 850 2565 domi
862 2501 1074 2585 interrogaret,
1093 2522 1165 2563 cum

142 2596 279 2682 virgines
296 2593 443 2660 Vestales
459 2594 493 2658 in
509 2594 578 2659 foro
596 2604 628 2658 et
644 2594 758 2659 iudicio
776 2594 890 2671 audiri,
913 2595 1057 2677 quotiens
1080 2594 1166 2657 testi-

143 2690 283 2757 monium
301 2689 453 2766 dicerent,
471 2697 562 2753 vetus
580 2711 649 2753 mos
667 2687 770 2752 fuerit.

206 2783 274 2848 Res
291 2804 330 2848 eo
347 2805 429 2847 anno
445 2782 582 2868 prolatas
600 2782 684 2846 haud
701 2783 863 2860 referrem,
885 2783 919 2847 ni
935 2782 1069 2868 pretium
1086 2781 1166 2846 foret
1184 2801 1216 2848 35

144 2877 204 2944 Cn
218 2876 346 2941 Pisonis
364 2885 395 2940 et
407 2874 514 2939 Asinii
527 2872 613 2940 Galli
630 2898 778 2960 supereo
795 2877 921 2963 negotio
938 2877 1077 2941 diversas
1097 2899 1167 2941 scn-

143 2971 256 3037 tentias
271 2991 410 3034 noscere.
428 2968 719 3053 Pisa-quamquam
733 2970 891 3061 afuturum
905 2993 939 3036 se
953 2972 1073 3035 dixerat
1086 2969 1168 3036 Cae-

144 3088 209 3143 sar,
232 3063 274 3129 ob
294 3064 328 3128 id
349 3063 450 3148 magis
473 3063 611 3149 agendas
633 3064 797 3142 censebat,
820 3074 856 3129 ut
878 3065 1008 3130 absente
1028 3065 1167 3150 principe

145 3167 289 3224 senatum
302 3166 333 3225 et
347 3157 466 3240 equites
480 3179 573 3241 posse
593 3180 655 3221 sua
662 3159 770 3222 munia
788 3159 940 3223 sustinere
958 3158 1106 3222 decorum
1122 3156 1168 3220 rei

144 3250 289 3338 publicae
306 3249 395 3314 foret.
424 3246 549 3327 Gallus,
573 3251 646 3334 quia
664 3251 800 3335 speciem
817 3251 967 3316 libertatis
985 3250 1061 3314 Piso
1079 3272 1169 3335 prae·
1200 3312 1220 3331 ,-

145 3354 284 3431 ceperat‚
309 3344 387 3408 nihil
410 3344 485 3409 satis
506 3344 636 3409 inlustre
658 3354 712 3409 aut
734 3368 774 3409 ex
799 3345 950 3430 dignitate
975 3342 1083 3427 populi
1104 3343 1169 3405 Ro-

145 3440 231 3505 mani
247 3439 309 3504 nisi
326 3460 431 3503 coram
449 3448 480 3502 ct
497 3438 555 3503 sub
573 3439 672 3504 oculis
692 3437 845 3515 Caesaris,
865 3458 964 3521 eoque
982 3447 1169 3501 conventum

145 3534 256 3601 Italiae
274 3543 306 3598 et
323 3533 487 3597 adfluentis
508 3533 686 3617 provincias
710 3533 904 3618 praesentiae
927 3532 993 3595 eius
1017 3529 1170 3594 servanda

146 3626 280 3693 dicebat.
303 3627 448 3691 audiente
465 3626 543 3690 haec
557 3626 682 3692 Tiberio
701 3649 738 3690 ac
751 3627 860 3691 silente
874 3625 996 3711 magnis
1014 3623 1169 3704 utrimque

147 3720 397 3800 contentionibus
416 3729 498 3785 aetat
518 3721 574 3785 sed
590 3743 640 3785 res
658 3721 782 3784 dilatae.

212 3814 257 3878 Et
278 3823 434 3878 certamen
457 3811 550 3879 Gallo
576 3814 726 3878 adversus
750 3813 918 3878 Caesarem
945 3821 1086 3877 exortum
1108 3819 1169 3877 est:
1189 3830 1220 3878 36

148 3933 223 3974 nam
249 3909 371 3974 censuit
391 3909 424 3971 in
445 3909 690 3992 quinquennium
708 3909 947 3994 magistratuum
971 3907 1095 3972 comitia
1115 3908 1171 3971 ha-

150 4002 266 4080 benda,
285 4012 381 4085 utque
398 4002 556 4087 legionum
573 4001 669 4087 legati
674 4040 687 4079 ,·
707 4003 761 4086 qui
778 4012 849 4066 ante
865 4012 1042 4088 praeturam
1060 4025 1097 4067 ea
1114 4002 1171 4065 mi-

150 4095 218 4160 litia
234 4094 459 4182 irrigabantur,
481 4096 544 4160 iam
562 4104 628 4160 tum
646 4105 803 4180 praetores
825 4097 1065 4175 destinarentur3
1087 4096 1172 4181 prin-
