2760 4874
229 361 269 425 78
576 371 759 428 CORNELII
772 369 904 425 TACITI

1141 469 1192 500 au.
1205 463 1251 501 772.

228 533 293 596 dita
318 553 402 595 mors
426 529 503 594 adeo
530 529 667 593 incendit
689 539 724 592 ut
746 539 818 593 ante
840 529 975 592 edictum
1002 529 1251 614 magistratuum,

228 635 299 690 ante
318 633 444 689 senatus
463 623 639 688 consultum
658 632 782 706 sumpto
799 623 918 687 iustitio
940 622 1156 688 desererentur
1174 623 1253 699 fora,

227 721 443 786 clauderentur
455 719 581 796 domus,
599 718 718 803 passim
732 717 853 782 silentia
871 726 902 781 et
914 718 1060 803 gemitus,
1078 718 1156 781 nihil
1169 740 1255 783 com-

226 816 364 901 positum
381 814 414 877 in
431 813 684 889 ostentationem
703 820 734 875 et
751 834 940 895 quamquam
958 834 1059 894 neque
1076 813 1254 899 insignibus

227 909 401 996 lugentium
418 907 622 983 abstinerent,
644 907 737 971 altius
756 906 867 972 animis
885 906 1075 972 maerebant.
1102 907 1183 972 forte
1200 929 1254 970 ne-

227 1005 410 1090 gotiatores,
436 1004 561 1068 vivente
584 1001 686 1068 adhuc
705 1000 892 1067 Germanico
916 1000 1009 1086 Syria
1031 1003 1164 1088 egressi,
1191 1002 1256 1066 lae-

228 1099 306 1164 tiora
331 1099 371 1162 de
396 1097 566 1164 valitudine
592 1098 658 1162 eius
685 1096 829 1161 attulere:
861 1096 965 1160 statim
992 1097 1122 1173 credita,
1150 1097 1256 1161 statim

226 1193 356 1279 vulgata
378 1202 465 1270 sunt;
488 1192 676 1276 utquisque
698 1191 825 1268 obvius,
852 1191 995 1274 quamvis
1017 1190 1127 1254 leviter
1149 1191 1256 1254 audita

228 1288 260 1351 in
278 1287 355 1352 alios
377 1297 470 1370 atque
492 1287 537 1351 illi
553 1287 587 1351 in
608 1287 713 1372 plures
732 1285 889 1350 cumulata
910 1286 1026 1372 gaudio
1049 1285 1254 1362 transferunt,

229 1390 355 1449 cursant
371 1404 427 1467 per
443 1381 562 1459 urbem,
582 1381 749 1445 moliuntur
762 1380 949 1466 templorum
965 1378 1065 1456 fores3
1083 1379 1170 1444 iuvat
1188 1400 1255 1443 cre-

228 1476 390 1540 dulitatem
406 1499 470 1540 nox
488 1486 519 1539 et
535 1475 707 1560 promptior
723 1475 803 1539 intc'r
820 1473 964 1539 tenebras
987 1473 1170 1538 adfirmatio.
1196 1495 1256 1537 nec

229 1570 349 1637 obstitit
373 1569 462 1634 falsis
489 1568 648 1647 Tiberius,
681 1569 780 1634 donec
806 1578 945 1653 tempore
972 1589 1009 1632 ac
1036 1567 1135 1652 spatio
1161 1589 1256 1632 vane-

212 1674 365 1749 scerent:
384 1674 415 1729 ct
431 1664 566 1750 populus
585 1663 675 1746 quasi
691 1686 817 1727 rursum
834 1670 976 1748 ereptum
993 1663 1094 1728 acrius
1112 1661 1220 1745 doluit.

179 1779 211 1829 ss
294 1753 454 1837 Honores,
477 1769 513 1823 ut
533 1759 603 1842 quis
626 1780 730 1823 amore
753 1758 787 1822 in
810 1755 1032 1823 Germanicum
1054 1766 1108 1822 aut
1128 1757 1256 1843 ingenio

230 1855 362 1932 validus,
381 1855 494 1940 reperti
512 1853 688 1935 decretique
695 1877 707 1917 :1
721 1862 757 1917 ut
774 1875 889 1918 nomen
906 1853 973 1918 eius
989 1851 1102 1918 Saliari
1120 1851 1256 1917 carmine

231 1959 406 2027 caneretur3
439 1949 530 2013 sedes
557 1948 679 2012 curules
707 1949 903 2013 sacerdotum
929 1946 1153 2033 Augustalium
1179 1947 1256 2020 locis

232 2065 386 2128 superque
413 2065 466 2107 eas
494 2064 646 2126 querceae
673 2064 808 2107 coronae·
833 2051 1054 2119 statuerentur3
1080 2040 1174 2130 ludos
1199 2041 1258 2104 cir-

231 2158 340 2201 censes
355 2135 472 2200 eburna
486 2136 608 2222 effigies
625 2135 760 2220 praeiret
772 2157 852 2200 neve
869 2135 940 2218 quis
952 2134 1068 2200 flamen
1085 2145 1139 2199 aut
1156 2158 1258 2220 augur

230 2230 263 2293 in
280 2229 384 2295 locum
399 2227 579 2295 Germanici
596 2230 658 2295 nisi
674 2230 777 2316 gentis
790 2229 890 2294 Iuliae
904 2239 1059 2294 crearetur
1064 2254 1073 2307 ;
1092 2239 1184 2293 arc'us
1202 2229 1258 2292 ad-

231 2323 288 2389 diti
312 2324 434 2390 Romae
460 2334 491 2389 et
520 2326 605 2411 apud
634 2325 735 2410 ripam
760 2324 865 2389 Rheni
880 2381 882 2385 ,
895 2332 926 2388 et
950 2323 984 2388 in
1013 2333 1118 2389 monte
1145 2321 1257 2407 Syriae

230 2416 371 2497 Amano,
396 2442 468 2484 cum
485 2419 686 2504 inscriptione
708 2441 813 2483 rerum
830 2427 990 2505 gestarum
1012 2440 1050 2483 ae
1067 2427 1199 2482 mortem
1217 2417 1257 2480 ob

231 2534 297 2577 rem
314 2512 472 2598 publicam
490 2513 609 2592 obisse,
633 2514 831 2600 sepulchrum
848 2512 1049 2590 Antioohiae,
1067 2513 1123 2577 ubi
1140 2535 1259 2577 crema-

232 2618 296 2684 tus,
316 2607 451 2673 tribunal
467 2609 689 2695 Epidaphnae,
708 2631 770 2692 quo
788 2609 821 2672 in
837 2608 906 2672 loco
924 2609 1021 2672 vitam
1037 2609 1172 2672 finierat:
1196 2617 1259 2672 sta

233 2711 356 2765 tuarum
373 2701 552 2767 locorumve
569 2703 603 2767 in
624 2704 695 2787 quis
714 2703 866 2768 coleretur
887 2703 972 2767 haud
994 2703 1085 2767 facile
1107 2703 1178 2785 quis
1199 2725 1259 2765 nu-

232 2817 353 2860 merum
366 2796 477 2860 inierit.
500 2819 573 2861 cum
587 2807 765 2862 censeretur
778 2799 901 2883 clipeus·
912 2821 987 2869 auro
1001 2808 1031 2862 et
1045 2797 1258 2883 magnitudine

233 2889 365 2974 insignis
380 2890 468 2976 ,inter
489 2900 632 2956 auctores
659 2892 867 2975 eloquentiae,
894 2892 1090 2957 adseveravit
1113 2890 1258 2956 Tiberius

233 2982 359 3048 solitum
376 3006 545 3068 paremque
564 2985 674 3050 ceteris
688 2987 877 3051 dicaturum:
896 2988 1093 3072 nequeenim
1112 2986 1260 3070 eloquen-

233 3078 310 3142 tiam
334 3077 459 3143 fortuna
485 3080 633 3158 discerni,
661 3089 692 3146 et
714 3082 789 3146 satis
816 3082 960 3159 inlustre,
989 3082 1015 3147 si
1036 3092 1157 3147 veteres
1180 3081 1260 3144 inter

110 3178 113 3186 '
226 3171 399 3257 scriptores
413 3172 587 3239 haberetur.
611 3184 755 3258 equester
771 3177 847 3240 ordo
861 3199 996 3243 cuneum
1011 3173 1190 3241 Germanici
1205 3197 1260 3259 ap-

234 3266 362 3351 pellavit
384 3268 436 3352 qui
462 3269 618 3335 iuniorum
643 3270 818 3348 dicebatur,
845 3271 1040 3355 instituitque
1066 3272 1112 3335 uti
1138 3280 1259 3335 turmae

234 3360 337 3426 idibus
351 3362 440 3428 Iuliis
454 3363 623 3450 imaginem
641 3365 708 3430 eius
723 3375 933 3449 sequerentur.
957 3366 1105 3452 pleraque
1118 3375 1259 3429 manent:

235 3456 389 3538 quaedam
408 3458 511 3522 statim
527 3458 646 3525 ‘omissa
664 3469 749 3538 sunt,
769 3469 823 3524 aut
838 3470 980 3526 vetustas
999 3460 1196 3526 oblitteravit.
1223 3520 1228 3524 ,

186 3569 218 3616 81
302 3549 450 3616 Ceterum
466 3554 584 3618 recenti
605 3554 708 3619 adhuc
725 3555 880 3623 maestitia
902 3578 989 3620 soror
1007 3552 1187 3622 Germanici
1204 3554 1261 3637 Li-

236 3645 296 3722 via,
314 3655 412 3730 nupta
424 3646 541 3725 Druso,
560 3648 639 3712 duos
652 3648 749 3712 virilis
768 3671 862 3713 sexus
881 3649 973 3715 simul
991 3649 1083 3714 enixa
1101 3658 1157 3726 est,
1177 3647 1262 3730 quod

236 3763 340 3803 rarum
361 3740 539 3825 laetumque
561 3743 663 3807 etiam·
677 3743 807 3808 modicis
830 3744 1009 3828 penatibus,
1037 3753 1129 3808 tanto⁸
1145 3742 1261 3829 gaudio

210 3907 213 3914 ,
236 3834 407 3920 principem
425 3835 554 3913 adfecit,
572 3836 688 3903 utnon
705 3837 923 3922 temperaverit
940 3839 1016 3921 quin
1032 3838 1162 3902 iactaret
1179 3836 1263 3921 apud

237 3937 341 4012 patres
362 3930 439 3994 nulli
461 3940 532 3996 anta
549 3930 762 3997 Romanorum
786 3932 925 4018 eiusdem
943 3932 1062 4018 fastigii
1079 3931 1146 3996 viro
1164 3931 1263 4016 gemi-

238 4045 312 4085 nam
329 4023 457 4108 stirpem
474 4025 603 4090 editam:
625 4049 699 4091 nam
717 4035 841 4104 cuneta,
866 4027 964 4091 etiam·
977 4025 1118 4102 fortuita,
1137 4026 1178 4089 ad
1195 4024 1263 4111 glo-

238 4115 317 4180 riam
334 4117 487 4196 vertebat3
511 4120 567 4184 sed
583 4120 699 4206 populo
722 4121 776 4185 tali
792 4121 826 4185 in
846 4130 985 4206 tempore
1006 4120 1043 4184 id
1061 4141 1186 4204 quoque
1208 4117 1263 4182 do·
