2760 4874
404 370 610 428 ANNALIUM
628 372 702 426 LIB.
716 373 794 430 xlv.
815 374 899 428 3-6.
1097 363 1159 429 257

138 475 160 513 p.
173 463 212 502 cn.
223 464 255 501 ss.
302 492 311 507 .

138 532 171 595 id
189 530 280 593 villae
299 550 413 592 nomen
431 540 478 592 est
496 551 576 612 quae
594 531 839 615 promontorium
856 530 1016 594 Misenum
1035 532 1115 597 inter
1132 544 1162 597 et

138 625 293 689 Baianum
311 623 414 686 lacum
432 623 513 687 flexo
535 625 613 687 mari
632 625 769 688 alluitur:
793 624 896 689 stabat
917 626 996 688 inter
1014 626 1090 691 alias
1108 651 1163 691 na-

137 719 185 782 vis
209 717 357 793 ornatior,
381 726 541 798 tamquam
563 718 595 780 id
617 741 740 800 quoque
763 719 872 782 honori
893 720 1000 783 matris
1023 721 1162 797 daretur;

137 812 253 896 quippe
272 821 415 873 sueverat
438 811 554 873 triremi
571 821 601 874 et
619 812 847 875 classiariorum
868 812 1000 897 remigio
1017 814 1103 891 vehi3
1126 838 1163 878 ac

137 915 204 968 tum
226 904 355 967 inritata
378 903 418 966 ad
445 903 552 988 epulas
574 914 653 981 erat,
680 914 719 968 ut·
738 905 921 970 occultando
947 907 1079 972 facinori
1100 931 1163 972 nox

136 997 344 1062 adhiberetur.
369 997 444 1061 satis
463 997 601 1060 constitit
619 999 758 1063 extitisse
776 1000 979 1084 proditorem,
998 1011 1029 1065 et
1046 1000 1163 1088 Agrip-

136 1092 242 1176 pinam
260 1090 373 1153 auditis
392 1090 527 1167 insidiis,
551 1114 592 1155 au
609 1092 748 1155 crederet
770 1093 965 1178 ambiguam,
989 1096 1162 1179 gestamine

65 1235 68 1240 .
137 1185 231 1248 sellae
249 1184 346 1247 Baias
365 1194 552 1268 pervectam.
580 1184 625 1248 ibi
641 1183 888 1250 blandimentum
906 1186 1081 1253 sublevavit
1097 1212 1163 1253 me-

137 1289 218 1343 tum:
238 1279 367 1342 comiter
385 1289 516 1362 excepta
534 1301 688 1363 superque
706 1280 810 1364 ipsum
828 1278 992 1361 collocata3
1011 1294 1074 1346 tam
1091 1282 1161 1367 plu·

136 1372 222 1438 ribus
243 1372 437 1436 sermonibus
456 1373 549 1437 modo
572 1373 779 1439 familiaritate
801 1375 929 1438 iuvenili
945 1375 1029 1440 Nero
1048 1385 1079 1440 et
1095 1399 1162 1439 rur-

136 1489 191 1532 sus
214 1467 382 1542 adductus,
410 1467 501 1548 quasi
524 1467 604 1530 seria
626 1469 831 1545 consociaret,
858 1477 956 1533 tracto
978 1470 1011 1532 in
1032 1469 1161 1555 longum

137 1563 294 1639 convictu,
322 1562 520 1646 prosequitur
542 1560 722 1639 abeuntem,
750 1563 846 1628 artius
869 1564 966 1628 oeulis
989 1574 1020 1628 ct
1041 1565 1161 1648 pectori

136 1656 281 1732 haerens,
306 1655 372 1718 sive
395 1655 549 1739 explenda
571 1655 791 1739 simulatione,
804 1679 861 1720 seu
881 1658 1036 1742 periturae
1054 1658 1161 1721 matris

136 1771 300 1834 supremus
319 1759 464 1832 aspectus
483 1749 626 1832 quamvis
645 1749 747 1813 ferum
765 1750 904 1814 animum
921 1750 1083 1815 retinebat.

198 1843 330 1906 Noctem
357 1842 510 1906 sideribus
536 1843 688 1906 illustrem
713 1853 745 1906 et
770 1843 893 1927 placido
919 1844 997 1907 mari
1023 1844 1195 1926 quietam5

136 1937 227 2018 quasi
244 1936 491 1999 comineendum
509 1936 550 1999 ad
568 1936 670 2001 scelus
688 1937 731 2000 dii
748 1936 934 2021 praebuere3
952 1960 1010 2000 nec
1028 1937 1161 2000 multum

136 2040 202 2094 erat
214 2052 381 2115 progressa
393 2031 492 2107 navis,
512 2030 634 2095 duobus
653 2053 670 2095 e
688 2054 818 2095 numero
831 2030 1030 2094 familiarium
1044 2030 1161 2116 Agrip·

136 2124 241 2208 pinam
260 2122 489 2199 comitantibus,
509 2145 549 2187 ex
565 2124 636 2206 quis
656 2123 843 2209 Crepereius
859 2121 971 2189 Gallus
988 2124 1073 2187 haud
1090 2146 1161 2207 pro·
1211 2115 1213 2120 ¹

135 2218 187 2281 cul
203 2216 423 2304 gubernaculis
441 2216 584 2294 astabat,¹
601 2218 774 2282 Acerronia
791 2241 885 2304 super
906 2218 1003 2302 pedes
1021 2217 1161 2281 cubitan-

136 2311 176 2375 tis
190 2311 313 2374 reclinis
327 2311 548 2395 paenitentiam
560 2311 616 2375 filii
634 2322 665 2376 et
682 2321 895 2399 recuperatam
908 2311 1014 2376 matris
1028 2311 1161 2396 gratiam

136 2427 192 2490 per
213 2404 364 2490 gaudium
390 2405 596 2482 memorabat,
624 2428 696 2469 cum
718 2406 791 2469 dato
818 2406 908 2491 signo
929 2427 1018 2469 ruere
1044 2414 1161 2468 tectum

137 2500 213 2584 tltoli
225 2499 323 2563 multo
337 2498 466 2583 plumbo
480 2521 589 2584 grave3
608 2520 797 2584 pressusque
812 2497 998 2583 Crepereius
1013 2507 1044 2562 et
1057 2497 1161 2562 statim

136 2594 331 2658 exanimatus
350 2603 406 2657 est.
430 2593 608 2679 Agrippina
626 2604 656 2657 et
673 2593 847 2659 Acerronia
864 2593 1071 2658 eminentibus
1089 2592 1162 2656 lecti

135 2687 305 2772 parietibus
329 2709 366 2751 ac
391 2686 471 2751 forte
497 2687 699 2752 validioribus
727 2709 822 2770 quam
843 2700 878 2752 ut
904 2687 990 2752 oneri
1016 2687 1162 2751 cederent

135 2791 293 2866 protectae
311 2790 398 2858 sunt3
416 2804 474 2845 nec
492 2781 656 2846 dissolutio
674 2782 791 2867 navigii
809 2781 1010 2865 sequebatur,
1030 2780 1161 2844 turbatis

138 2874 283 2939 omnibus
306 2885 337 2938 et
354 2875 440 2957 quod
456 2875 596 2959 plerique
618 2875 720 2961 ignari
738 2877 832 2940 etiam
844 2876 990 2940 conscios
1012 2875 1163 2960 impedie-

136 2969 220 3055 bant.
248 2969 351 3034 visum
369 2970 482 3034 dehinc
498 2970 670 3056 remigibus
687 2994 784 3035 unum
801 2971 835 3034 in
851 2971 933 3035 latus
952 2971 1099 3034 inclinare
1116 2978 1163 3032 at·

135 3083 197 3145 que
214 3063 259 3127 ita
276 3085 388 3127 navem
412 3063 626 3151 submergere3
650 3065 706 3129 sed
727 3087 828 3148 neque
850 3065 928 3148 ipsis
950 3074 1112 3149 promptus
1130 3062 1163 3126 in

136 3179 202 3220 rem
221 3156 357 3221 subitam
375 3179 562 3235 consensus,
585 3170 617 3221 et
634 3158 691 3235 alii¹
704 3167 812 3223 eontra
829 3158 962 3221 nitentes
985 3157 1098 3220 dedere
1115 3154 1163 3218 fa

137 3250 283 3315 cultatem
301 3251 426 3315 lenioris
445 3252 477 3315 in
494 3275 580 3315 mare
597 3252 707 3316 iaetus.
730 3274 839 3315 verum
856 3250 1039 3326 Acerronia,
1056 3249 1163 3333 inpru-

120 3345 243 3408 -dentia
260 3345 335 3407 dum
354 3367 387 3409 se
405 3344 615 3430 Agrippinam
632 3367 702 3409 esse
724 3355 820 3428 utque
839 3343 1055 3409 subveniretur
1071 3341 1163 3405 matri

136 3437 285 3523 principis
309 3438 460 3514 clamitat,
484 3439 583 3502 contis
606 3447 637 3502 et
658 3439 752 3503 remis
771 3447 802 3502 et
819 3459 899 3520 quae
921 3437 987 3502 fors
1009 3435 1163 3500 obtulerat

137 3532 301 3597 navalibus
319 3534 388 3596 telis
411 3533 579 3597 conficitur.
607 3532 785 3618 Agrippina
807 3533 915 3609 silens,
938 3552 1037 3614 eoque
1058 3528 1162 3592 minus

137 3626 254 3711 agnita,
267 3649 365 3689 unum
379 3635 483 3691 tamen
496 3627 609 3690 vulnus
623 3626 754 3691 humero
768 3626 904 3711 excepit:
922 3624 1035 3700 nando,
1050 3622 1162 3686 deinde

138 3742 271 3784 occursu
283 3719 520 3785 lenunculorum
529 3720 703 3784 Lucrinum
717 3720 749 3783 in
762 3719 866 3783 lacum
879 3727 969 3783 vecta
981 3716 1073 3780 villae
1087 3736 1162 3779 suae

138 3814 278 3879 infertur.

202 3908 272 3972 Illic
290 3919 437 3994 reputans
456 3909 527 3973 ideo
546 3931 580 3973 se
597 3907 762 3972 fallacibus
780 3907 890 3971 litteris
908 3905 1039 3970 accitam
1057 3913 1088 3968 et
1105 3904 1161 3967 ho·
1179 3923 1194 3970 6

138 4023 213 4067 nore
232 4005 400 4088 praecipuo
422 4004 575 4079 habitam,
598 4002 745 4085 quodque
766 4001 840 4090 litus
858 4001 958 4077 iuxta,
981 4022 1045 4064 non
1061 3998 1162 4063 ventis

112 4094 115 4099 ’
138 4105 222 4174 acta,
245 4120 309 4162 non
328 4099 411 4162 saxis
429 4097 553 4181 inpulsa
570 4096 659 4161 navis
679 4118 801 4159 summa
819 4095 867 4159 sui
885 4103 972 4180 parte
989 4093 1085 4159 veluti
1103 4102 1163 4157 ter-

194 4214 265 4257 Turitr'
275 4215 316 4256 ool.
326 4212 344 4255 1.
953 4204 989 4260 17
