2760 4874
419 359 626 420 ANNALIUM
642 362 717 416 LIB.
730 363 753 417 Ι.
771 362 890 418 60-63.
1121 351 1163 415 33

140 467 161 506 p.
171 455 213 497 ch.
222 455 257 495 15.

139 522 275 606 denique
293 519 333 587 ob
352 541 443 585 casus
457 518 610 585 bellorum
623 527 654 584 et
668 528 784 585 sortem
797 518 967 584 hominum.
990 519 1162 605 praemisso

140 616 293 693 Caecina,
312 624 347 679 ut
364 614 486 680 occulta
504 615 640 679 saltuum
662 623 851 679 scrutaretur
867 624 1041 699 pontesque
1059 626 1090 680 et
1107 639 1163 702 ag-

138 733 229 798 geres
247 709 378 773 humido
389 708 540 792 paludum
558 718 589 773 et
605 707 770 773 fallacibus
784 708 902 792 campis
915 708 1097 792 imponeret,
1115 709 1163 774 in-

138 805 254 869 cedunt
266 811 403 867 maestos
415 802 502 867 locos
516 803 648 885 visuque
665 823 703 866 ac
719 801 869 866 memoria
883 801 1040 866 deformis.
1062 801 1163 886 prima

137 898 216 964 Vari
233 905 336 962 castra
352 895 415 961 lato
433 894 553 960 ambitu
571 905 602 960 et
619 896 769 960 dimensis
781 895 941 980 principiis
956 895 1049 958 trium
1066 894 1163 980 legio-

137 1004 214 1056 num
230 1011 344 1054 manus
363 988 576 1067 ostentabant3
594 989 667 1053 dein
681 989 829 1054 semiruto
842 989 933 1066 vallo,
952 988 1062 1052 humili
1076 988 1164 1053 fossa

135 1085 261 1151 accisae
287 1080 350 1147 iam
375 1083 524 1167 reliquiae
551 1083 730 1148 consedisse
755 1082 1028 1169 intellegebantur3
1059 1082 1162 1146 medio

138 1178 243 1262 campi
264 1176 400 1244 albentia
417 1199 503 1256 ossa,
526 1187 563 1241 ut
583 1177 742 1264 fugerant,
765 1185 800 1240 ut
817 1172 1010 1253 restiterant,
1034 1176 1164 1240 disiecta

138 1272 189 1336 vel
213 1280 378 1357 aggerata-3
405 1270 591 1336 adiacebant
615 1272 772 1357 fragmina
792 1270 925 1336 telorum
951 1291 1162 1353 equorumque

139 1377 236 1429 artus.
259 1364 337 1431 lucis
354 1364 537 1449 propinquis
555 1364 705 1453 barbarae
723 1385 804 1441 arae,
824 1364 908 1449 apud
924 1385 1003 1446 quas
1021 1362 1162 1427 tribunos

63 1497 65 1499 ·
138 1480 175 1523 ac
187 1458 361 1544 primorum
374 1458 518 1523 ordinum
532 1459 725 1524 centuriones
734 1467 960 1536 mactaverant3
975 1457 1068 1522 simul
1077 1467 1163 1521 trun-

139 1553 183 1618 cis
206 1551 353 1616 arborum
375 1552 511 1618 antefixa
533 1575 605 1622 ora„
624 1562 655 1618 et
677 1552 774 1617 cladis
796 1552 863 1616 eius'
887 1551 1082 1636 superstites,
1104 1572 1163 1635 pu-

137 1668 234 1732 gnam
252 1655 307 1710 aut
322 1645 447 1710 vincula
465 1647 577 1732 elapsi,
600 1645 776 1711 referebant
792 1646 844 1710 hic
862 1646 1012 1710 cecidisse
1030 1644 1161 1731 legatos,

138 1740 200 1803 illic
222 1747 328 1824 raptas
355 1732 491 1823 aquilas3
516 1740 651 1825 primum
678 1739 733 1804 ubi
758 1739 871 1804 vulnus
893 1737 979 1805 Varo
1005 1739 1161 1816 adactum,

138 1833 192 1898 ubi
209 1832 327 1897 infelici
345 1832 474 1899 dextera
490 1843 522 1898 et
539 1856 596 1899 suo
613 1836 677 1898 ictu
695 1842 826 1898 mortem
842 1832 1009 1910 invenerit3
1028 1855 1090 1916 quo
1107 1834 1162 1896 tri-

137 1926 246 1992 bunali
263 1927 459 1993 contionatus
476 1926 651 2005 Arminius,
670 1937 747 2010 quot
762 1926 902 2012 patibula
920 1927 1061 2011 captivis,
1080 1934 1161 2010 quae

139 2020 281 2098 scrobes3
306 2029 402 2103 utque
425 2021 523 2108 signis
547 2032 578 2086 et
600 2021 711 2104 aquilis
733 2043 792 2105 per
812 2020 989 2105 superbiam
1010 2020 1160 2085 inluserit.

138 2115 234 2201 igitur
255 2115 417 2181 Romanus
439 2116 494 2199 qui
516 2117 623 2181 aderat
645 2116 799 2181 exercitus
826 2125 950 2181 sextum
971 2124 1043 2200 post
1064 2115 1161 2182 cladis
1180 2139 1212 2188 sa

138 2231 258 2274 annum
279 2208 372 2272 trium
392 2209 553 2295 legionum
575 2232 662 2287 ossa,
685 2209 770 2275 nullo
788 2219 935 2274 noscente
957 2209 1074 2273 alienas
1091 2211 1163 2274 reli-

138 2303 229 2386 quias
248 2325 289 2367 au
307 2325 433 2367 suorum
450 2303 547 2369 humo
570 2313 702 2390 tegeret,
726 2326 834 2368 omnes
852 2312 887 2366 ut
908 2303 1103 2380 coniunctos,
1127 2314 1163 2368 ut

138 2395 389 2480 consanguineos
405 2406 497 2462 aucta
513 2398 546 2461 in
559 2398 683 2463 hostem
700 2398 747 2462 ira
764 2397 876 2462 maesti
889 2396 981 2460 simul
999 2406 1030 2459 et
1046 2395 1163 2461 infensi

138 2488 329 2567 condebant3
355 2490 490 2575 primum
512 2494 683 2557 extruendo
705 2491 825 2556 tumulo
852 2490 1025 2574 caespitem
1044 2489 1163 2555 Caesar

137 2581 253 2669 posuit,
271 2584 449 2669 gratissimo
462 2608 591 2650 munere
604 2587 637 2650 in
654 2585 819 2650 defunctos
834 2594 865 2649 et
877 2583 1093 2669 praesentibus
1106 2583 1162 2655 do-

136 2677 213 2742 loris
241 2677 359 2742 socius:
385 2680 470 2761 quod
496 2679 625 2745 Tiberio
650 2679 736 2743 haud
760 2678 940 2762 probatum,
968 2699 1024 2742 seu
1050 2686 1163 2742 cuneta

139 2769 320 2836 Germanici
346 2772 379 2834 in
401 2773 536 2838 deterius
563 2773 710 2851 trahenti,
738 2773 805 2838 sive
828 2773 1000 2855 *exercitum
1026 2772 1183 2857 imagine,

138 2870 303 2930 caesorum
324 2865 611 2950 insepultorumque
634 2868 789 2932 tardatum
807 2868 848 2932 ad
868 2866 986 2952 proelia
1003 2875 1035 2930 et
1055 2864 1163 2930 formi-

138 2959 328 3024 dolosiorem
340 2958 477 3025 hostiurn
490 2961 644 3039 credebat,
663 2983 765 3044 neque
777 2961 994 3046 imperatorem
1008 2969 1163 3045 auguratu

139 3062 171 3118 et
192 3052 413 3118 vetustissimis
436 3055 631 3120 caerimoniis
657 3055 832 3140 praeditum
858 3056 1029 3119 adtrectare
1054 3053 1164 3118 feralia

139 3147 299 3212 debuisse.

127 3258 133 3265 ·
206 3237 273 3305 Sed
287 3238 493 3308 Germanicus
511 3242 675 3308 cedentem
691 3243 724 3306 in
741 3244 812 3308 avia
828 3241 1008 3307 Arminium
1027 3251 1162 3319 secutus,
1183 3261 1214 3309 63

140 3333 196 3398 ubi
216 3335 353 3418 primum
375 3333 465 3420 copia
486 3336 560 3414 fuit,
588 3337 678 3402 evehi
699 3337 819 3420 equites
842 3357 1049 3421 campumque
1070 3357 1164 3418 quem

140 3427 241 3492 hostis
258 3424 415 3493 incederat
433 3431 510 3515 eripi
527 3430 622 3496 iubet.
645 3430 808 3496 Arminius
827 3430 930 3515 colligi
952 3451 1026 3493 suos
1045 3438 1076 3492 et
1092 3447 1166 3513 pro·

140 3520 292 3605 pinquare
315 3522 401 3587 silvis
419 3525 553 3591 monitos
575 3525 667 3590 vertit
687 3534 828 3609 repente3
850 3546 925 3587 mox
946 3523 1072 3608 signum
1092 3543 1164 3605 pro-

140 3614 307 3699 rumpendi
320 3616 406 3680 dedit
422 3617 461 3683 iis
475 3639 555 3700 quos
572 3641 630 3703 per
643 3619 740 3684 saltus
754 3617 984 3682 occultaveratr
995 3628 1069 3678 tunc
1082 3637 1164 3678 nova

141 3707 209 3772 acie
235 3707 377 3775 turbatus
400 3733 509 3794 eques3
536 3713 713 3796 missaeque
740 3711 943 3776 subsidiariae
969 3709 1111 3774 cohortes
1134 3718 1164 3772 et

141 3799 330 3887 fugientium
356 3806 481 3890 agmine
511 3807 663 3892 impulsae
693 3814 844 3889 auxerant
874 3802 1163 3879 consternationem,

141 3894 408 3985 trudebanturque
425 3900 458 3963 in
478 3898 627 3984 paludem
644 3923 774 3987 gnaram
792 3897 1002 3974 vincentibus,
1026 3896 1164 3979 iniquam
1231 3941 1233 3944 -

141 3989 272 4067 nesciis,
298 3991 332 4056 ui
354 3991 473 4058 Caesar
497 3995 665 4080 productas
690 3994 831 4080 legiones
853 3992 1065 4058 instruxisset:
1091 3988 1164 4054 inde

142 4081 286 4148 hostibus
304 4093 415 4165 terror,
438 4087 553 4166 fiducia
569 4089 659 4154 militi
665 4113 674 4167 3
697 4099 728 4154 et
745 4087 890 4154 manibus
913 4086 1020 4171 aequis
1039 4085 1165 4150 absces-

198 4199 322 4246 Taoitlrol.
335 4201 351 4245 l.
486 4243 489 4248 ,
553 4210 555 4213 ’
975 4195 993 4253 3
