2760 4874
197 396 260 461 :zoz‘
548 396 879 453 cottannursctrt

1131 496 1183 525 an.
1193 489 1235 526 ⁸12³.

194 564 375 650 perfunctos
402 580 441 622 ne
467 554 651 620 nominatim
678 552 814 629 tradam,
841 552 1021 619 maioribus
1049 576 1162 619 eorum
1184 556 1236 619 tri-

194 658 352 721 buendum
367 668 457 739 puto;
475 672 547 713 narn
562 648 675 712 eteius
689 646 842 733 flagitium
856 656 917 723 est,
936 647 994 731 qui
1008 648 1181 733 pecuniam
1198 648 1236 712 ob

195 751 308 815 delicto
325 748 429 833 potius
451 744 537 809 dedit
559 764 654 825 quam
673 764 713 805 ne
734 739 970 823 delinquerent3
992 752 1093 807 notos
1115 763 1236 825 quoque

195 845 315 929 equites
336 842 494 905 llontanos
516 858 629 921 operas
651 858 764 899 arenae
785 834 970 920 promittere
993 834 1129 922 subegit
1149 835 1235 900 donis

195 935 384 1023 ingentibus,
403 932 463 995 nisi
481 930 567 1013 quod
584 950 704 993 merces
722 928 763 993 ab
780 950 819 993 co
835 928 890 1011 qui
907 928 1023 995 iubere
1036 940 1157 1015 potest,
1174 930 1234 993 vim

147 1056 177 1099 ts
196 1028 390 1096 necessitatis
409 1026 508 1089 atl'crt.
537 1046 576 1087 ne
594 1035 700 1087 tanren
717 1022 821 1087 adhuc
840 1021 973 1108 publico
995 1022 1127 1089 theatro
1144 1023 1235 1087 deho
1343 1036 1346 1053 ¹

195 1134 384 1196 nestarctnr,
411 1117 545 1181 instituit
566 1116 658 1181 ludos
680 1116 877 1181 Iuvenalium
898 1115 1080 1194 vocabulo,
1104 1118 1139 1182 in
1160 1139 1233 1202 quos
1337 1144 1343 1201 ;

195 1217 313 1303 pressim
332 1212 459 1279 nomina
470 1211 557 1274 data:
576 1232 638 1273 non
657 1208 802 1274 nobilitas
815 1208 976 1293 cuiquam,
994 1233 1066 1275 non
1079 1221 1167 1275 aetas
1185 1222 1234 1274 aot

195 1310 256 1375 acti
275 1309 409 1371 honores
430 1302 654 1389 impedimento
676 1325 739 1386 qao
757 1302 860 1367 minus
879 1300 1000 1369 Graeci
1018 1304 1175 1369 Latinive
1191 1304 1233 1367 hi-

196 1402 320 1467 strionis
339 1414 437 1463 artem
455 1405 636 1461 exercerent
650 1418 750 1479 usque
768 1396 809 1461 ad
825 1407 935 1483 gestus
950 1398 1136 1481 modosque
1153 1398 1232 1462 haud

196 1496 315 1571 cirilcs3
341 1494 416 1577 quin
439 1502 470 1555 et
493 1492 628 1555 lerninac
653 1490 790 1555 illustres
811 1491 968 1556 deformia
989 1494 1158 1571 meditari3
1184 1515 1233 1557 ex·
1332 1550 1335 1571 ÷

196 1602 358 1671 trttetaquc
380 1588 465 1672 aputl
487 1608 613 1663 nemus,
636 1586 721 1669 quod
742 1584 845 1650 natali
866 1596 983 1672 stagno
1006 1587 1231 1673 circumposuit

195 1684 377 1765 Atrgastus,
401 1679 619 1743 amauricus
640 1690 672 1745 et
689 1702 864 1765 cauponae,
887 1691 919 1745 et
940 1681 1052 1765 posita
1069 1704 1153 1747 veno
1170 1681 1232 1745 irri-
1289 1738 1291 1742 Α

196 1788 333 1839 taurento
350 1773 451 1848 luxui,
475 1773 691 1856 dabanturque
708 1773 821 1859 stipes,
838 1795 918 1857 quas
936 1772 1016 1839 boni
1033 1775 1229 1852 necessitate,

195 1870 436 1951 intemperantes
454 1867 555 1951 gloria
572 1876 800 1931 consumerent.
822 1867 895 1932 inde
907 1866 1047 1953 gliscere
1066 1869 1188 1955 flagitia
1203 1878 1230 1932 et
1328 1872 1332 1883 '

196 1962 340 2037 iulutnia3
367 1984 424 2023 nec
447 1960 511 2024 ulla
532 1959 672 2025 moribus
695 1960 770 2025 olitu
792 1960 944 2045 corruptis
967 1961 1044 2047 plus
1068 1961 1229 2027 libidinum

196 2056 398 2120 circumdedit
422 2077 517 2136 quarn
540 2054 594 2119 illa
611 2054 771 2119 colluvies.
797 2055 852 2119 vix
872 2054 994 2119 artibus
1012 2055 1161 2122 honestis
1177 2078 1230 2141 pn-

195 2152 251 2213 dor
278 2150 440 2223 retinetur,
469 2148 585 2211 nedum
607 2148 687 2211 inter
712 2148 882 2213 certamina
902 2148 1055 2213 vitiorum
1082 2149 1229 2235 pudicitia

195 2256 248 2307 aut
268 2242 419 2306 rrrotlestia
436 2252 491 2305 aut
508 2241 677 2323 quicquam
698 2240 788 2327 probi
805 2240 900 2305 moris
922 2253 1152 2308 reservaretur.
1177 2265 1229 2327 po

196 2349 330 2401 stremus
354 2336 420 2419 ipse
444 2356 571 2398 scenam
588 2334 718 2412 incedit,
740 2335 839 2401 multa
856 2358 931 2400 cura
952 2344 1117 2421 temptans
1136 2337 1229 2402 citha-

194 2454 261 2495 ram
284 2441 314 2493 et
341 2427 570 2513 pracrrreditans
599 2428 817 2493 assistentibus
841 2428 1021 2515 phonascis.
1054 2442 1228 2497 accesserat
1324 2428 1332 2443 “

195 2523 306 2587 cohors
330 2523 476 2597 militum,
500 2521 696 2586 centuriones
719 2522 910 2605 tribunique,
933 2532 965 2585 et
982 2546 1134 2589 maerens
1151 2524 1229 2588 Bur-

195 2642 247 2683 rus
270 2640 306 2681 ae
329 2617 475 2693 laudans3
504 2627 639 2699 tuncque
659 2617 797 2702 primum
818 2618 987 2704 conscripti
1010 2631 1089 2684 sunt
1111 2622 1227 2705 equites

195 2712 330 2775 llornani
344 2721 552 2796 cognomento
562 2710 844 2796 Augustianorum,
859 2722 960 2777 aetate
974 2735 1014 2778 ac
1027 2714 1145 2780 robore
1159 2738 1228 2780 eon-

195 2806 293 2889 spicui
317 2815 347 2869 et
370 2828 442 2889 pars
464 2805 592 2889 ingenio
617 2828 780 2890 procaces,
807 2807 859 2870 nlii
880 2808 915 2870 in-
939 2829 1030 2892 spem
1055 2804 1226 2894 potentiae:

194 2900 227 2963 hi
249 2901 315 2963 dies
338 2923 376 2964 ac
398 2909 506 2963 noctes
528 2899 691 2983 plausibus
713 2916 895 2985 personare,
918 2900 1056 2967 sormam
1079 2904 1227 2988 principis

193 3015 365 3076 vocemque
383 2994 477 3056 deum
491 2992 651 3057 vocabulis
670 2994 861 3080 appellantes
867 3019 876 3072 3
895 2995 986 3078 quasi
1003 3018 1063 3080 per
1082 2998 1227 3063 virtutem

194 3087 268 3152 clari
286 3088 489 3170 honoratique
507 3110 611 3173 agere.

144 3204 174 3250 1a
257 3181 304 3244 No
327 3191 432 3245 tannen
453 3181 591 3245 ludicrae
613 3191 734 3246 tantum
760 3183 954 3269 imperatoris
977 3192 1063 3250 artes
1086 3196 1226 3251 notesce-

192 3285 271 3351 rent,
290 3276 462 3338 carminum
476 3298 601 3358 quoque
615 3276 754 3340 studium
772 3277 949 3353 adfectavit,
969 3280 1144 3345 contractis
1162 3280 1226 3364 qui-

193 3367 252 3432 bus
271 3369 375 3450 aliqua
392 3369 551 3453 pangendi
568 3369 701 3434 facultas
724 3393 783 3435 nec
801 3371 876 3435 dum
893 3369 1027 3456 insignis
1046 3377 1224 3438 auctoritas:

193 3463 225 3525 ti
243 3463 337 3525 cenati
351 3463 512 3526 considere
526 3463 618 3526 simul
637 3472 668 3527 et
682 3464 792 3529 allatos
805 3465 856 3529 vel
869 3463 985 3529 ibidem
998 3476 1146 3549 repertos
1160 3489 1225 3531 ver-

194 3578 247 3618 sus
270 3565 453 3619 connectere
480 3566 573 3638 atque
595 3557 694 3641 ipsius
716 3558 813 3622 verba
839 3579 964 3641 quoquo
987 3559 1084 3624 modo
1107 3560 1225 3645 prolata

194 3649 352 3733 supplere,
376 3651 460 3732 quod
479 3651 599 3734 species
617 3652 687 3736 ipsa
705 3654 877 3717 carminum
895 3653 1000 3729 docet,
1023 3675 1088 3717 non
1107 3655 1224 3740 impetu

193 3752 224 3805 et
244 3743 395 3806 instinctu
412 3766 470 3806 nec
488 3767 540 3807 ore
563 3768 625 3809 uno
643 3746 753 3811 fluens.
781 3747 875 3811 etiam
896 3745 1069 3830 sapientiae
1091 3747 1225 3813 doctori·

192 3835 252 3900 bus
271 3847 394 3920 tempus
413 3837 609 3921 impertiebat
631 3849 703 3924 post
726 3841 848 3926 epulas,
872 3850 968 3922 utque
991 3841 1151 3906 conharia
1173 3841 1224 3904 ad·
1333 3918 1336 3927 Ι

193 3932 401 3995 severantium
420 3933 575 3997 discordia
592 3933 760 4014 frueretur;
783 3959 842 4000 nec
860 3937 988 4000 deerant
1005 3936 1062 4017 qui
1085 3959 1141 4001 ore
1159 3936 1223 4001 vul-

192 4032 287 4105 tuque
306 4025 385 4088 tristi
403 4026 483 4089 inter
501 4026 727 4095 oblectamenta
744 4031 832 4116 regia
850 4028 983 4115 spectari
1001 4040 1165 4114 cuperent.

142 4130 171 4176 17
258 4113 326 4180 Sub
348 4118 431 4182 idem
454 4129 577 4205 tempus
599 4122 661 4188 levi
687 4124 775 4189 initio
800 4134 890 4191 atrox
916 4122 1029 4189 caedes
1052 4132 1124 4189 orta
1145 4124 1223 4190 inter
