2760 4874
257 400 298 464 32
608 406 790 464 CORNELII
804 405 935 466 TACITI

1173 507 1193 536 a.
1204 508 1225 538 a.
1236 499 1282 539 tes.

256 590 344 644 uxor,
365 566 523 632 subiectus
543 564 668 630 servitio
686 564 792 629 uxo1is
807 573 914 628 uterus
933 563 1117 629 vaecordem
1136 565 1282 651 agebant,

256 660 468 743 volitabatque
489 681 546 744 per
564 657 758 735 Cheruscos,
782 680 869 722 arma
890 659 923 721 in
942 655 1122 744 Segestem,
1146 681 1234 723 arma
1249 660 1283 723 in

258 754 427 820 Caesarem
448 774 597 838 poscens3
620 773 723 836 neque
744 751 866 835 probris
889 751 1096 836 temperabat:
1119 753 1281 838 egregium

256 857 386 934 patrem,
405 851 554 932 magnum
572 846 799 929 imperatorem,
818 845 931 909 fortem
949 845 1130 923 exercitum,
1147 867 1282 928 quorum

256 951 303 1007 tot
319 963 431 1005 manus
445 962 539 1003 unam
552 939 764 1003 mulierculam
779 939 953 1015 evexerint3
972 938 1032 1004 sibi
1049 947 1112 1004 tres
1130 938 1280 1025 legiones,

257 1036 386 1100 totidem
407 1034 529 1120 legatos
551 1031 770 1118 procubuisse3
793 1055 856 1096 non
879 1032 1014 1096 enimse
1035 1032 1211 1117 proditione
1228 1055 1287 1098 ne·

256 1150 318 1212 que
340 1127 491 1192 adversus
513 1125 646 1191 feminas
668 1126 829 1212 gravidas,
855 1126 912 1189 sed
932 1126 1037 1210 palam
1059 1126 1211 1191 adversus
1234 1149 1283 1191 ar-

256 1231 358 1286 matos
376 1220 492 1285 bellum
510 1229 641 1284 tractare
647 1244 655 1296 ;
678 1219 763 1284 cerni
785 1219 888 1283 adhuc
906 1216 1136 1284 Germanorum
1153 1220 1186 1283 in
1203 1218 1282 1286 lucis

258 1317 349 1402 signa
370 1315 516 1378 Romana
537 1334 617 1396 quae
640 1313 688 1376 dis
714 1313 822 1397 patriis
850 1313 1055 1397 suspenderit.
1087 1313 1202 1377 coleret
1226 1311 1284 1378 Se-

258 1418 363 1495 gestes
377 1408 492 1471 victam
503 1407 613 1491 ripam,
631 1407 774 1470 redderet
787 1406 851 1471 filio
870 1406 1087 1484 sacerdotium,
1107 1407 1282 1471 dominum:

259 1499 440 1567 Gemranos
456 1521 627 1583 numquam
650 1500 726 1564 satis
749 1509 951 1564 excusaturos
970 1500 1055 1582 quod
1075 1499 1157 1563 inter
1171 1498 1283 1565 Albim

259 1605 290 1660 et
306 1594 453 1659 Rhenum
470 1593 574 1678 virgas
593 1602 624 1657 et
641 1614 765 1657 secures
784 1602 816 1657 et
832 1601 937 1678 tegam
954 1593 1097 1658 viderint.
1120 1592 1189 1658 aliis
1207 1615 1284 1680 gen-

258 1690 341 1756 tibus
359 1688 534 1774 ignorantia
550 1687 672 1772 imperii
688 1684 824 1752 Romani
844 1687 1007 1772 inexperta
1027 1709 1097 1752 csse
1120 1687 1282 1772 supplicia,

258 1784 364 1849 nescia
381 1782 510 1860 tributa-3
534 1803 614 1864 quae
637 1781 785 1865 quoniam
807 1782 950 1845 exuerint
970 1782 1143 1865 inritusque
1166 1782 1284 1847 disces-

260 1878 335 1942 serit
350 1876 403 1940 ille
420 1876 499 1939 inter
515 1875 644 1939 numina
661 1875 782 1939 dicatus
800 1874 983 1960 Augustus,
1001 1875 1054 1939 ille
1071 1874 1211 1940 delectus
1230 1874 1285 1939 Ti·

260 1971 378 2047 berius,
397 1991 437 2033 ne
454 1968 622 2053 inperitum
640 1968 919 2045 adulescentulum,
937 1990 977 2032 ne
996 1968 1179 2034 seditiosum
1197 1990 1285 2032 exer-

260 2063 355 2128 citum
372 2073 586 2147 pavescerent.
610 2062 637 2127 si
653 2062 800 2147 patriam,
823 2070 983 2146 parentes,
1007 2062 1135 2144 antiqua
1155 2061 1285 2125 mallent

260 2179 354 2240 quam
368 2155 510 2220 dominos
525 2164 556 2218 et
568 2154 706 2219 colonias
724 2178 833 2232 novas,
851 2154 1031 2219 Arminium
1041 2155 1148 2240 potius
1165 2155 1285 2240 gloriae

260 2272 297 2315 ac
318 2248 469 2314 libertatis
492 2270 587 2332 quam
605 2245 773 2334 Segestem
793 2248 967 2334 flagitiosae
990 2248 1148 2314 servitutis
1171 2249 1285 2312 ducem

261 2352 471 2426 sequerentur.

211 2460 242 2507 60
325 2435 449 2500 Conciti
466 2458 523 2521 per
540 2436 618 2500 haec
635 2459 699 2500 non
716 2436 811 2501 modo
831 2435 985 2501 Cherusci
1002 2436 1059 2500 sed
1076 2435 1285 2501 conterminae

260 2541 380 2618 gentes,
398 2540 578 2614 tractusque
591 2531 624 2594 in
636 2531 733 2615 partis
747 2530 976 2616 Inguiomerus,
995 2527 1131 2593 Arminii
1143 2539 1284 2615 patruus,

260 2625 358 2690 veteri
375 2625 459 2709 apud
471 2625 631 2689 Romanos
646 2624 841 2702 auctoritate3
860 2625 943 2688 unde
960 2623 1060 2687 maior
1072 2621 1204 2687 Caesari
1221 2645 1287 2687 me-

261 2728 326 2794 tus3
344 2727 376 2781 et
393 2739 432 2780 ne
447 2716 563 2781 bellum
577 2717 658 2782 mole
677 2741 740 2782 una
752 2718 920 2803 ingrueret,
941 2716 1110 2781 Caecinam
1123 2738 1197 2781 cum
1210 2739 1286 2799 qua·

261 2810 404 2895 draginta
418 2809 596 2873 cohortibus
609 2809 762 2874 Romanis
776 2810 976 2875 distrahendo
989 2810 1074 2874 hosti
1085 2832 1143 2895 per
1154 2810 1287 2879 Bructe-

261 2926 313 2968 ros
335 2901 376 2966 ad
397 2902 514 2967 flumen
530 2901 687 2967 Amisiam
709 2903 817 2981 mittit,
841 2904 977 2986 equitem
997 2903 1086 2968 Pedo
1107 2903 1286 2988 praefectus

261 2995 376 3061 finibus
398 2995 571 3061 Frisiorum
594 2997 693 3061 ducit:
720 2997 788 3081 ipse
810 2997 961 3082 inpositas
984 2996 1117 3062 navibus
1140 3006 1288 3080 quattuor

261 3089 401 3175 legiones
422 3111 480 3174 per
496 3089 583 3155 lacus
606 3090 706 3168 vexit3
730 3090 884 3174 simulque
905 3090 1017 3177 pedes,
1041 3113 1151 3173 eques,
1175 3090 1286 3156 classis

262 3184 346 3268 apud
362 3183 556 3268 praedictum
578 3207 702 3248 amnem
721 3206 902 3250 convenere.
932 3183 1054 3250 Chauci
1076 3207 1148 3249 cum
1171 3184 1287 3260 auxilia

262 3278 492 3363 pollicerentur,
515 3279 549 3342 in
566 3279 781 3343 commilitium
803 3279 914 3343 adsciti
932 3288 1014 3344 sunt.
1041 3279 1212 3343 Bructeros
1230 3301 1287 3343 sua

262 3371 380 3455 urentis
403 3372 549 3457 expedita
569 3395 641 3436 cum
662 3396 758 3438 manu
779 3374 821 3437 L.
841 3370 1009 3438 Stertinius
1032 3373 1131 3437 missu
1155 3370 1288 3437 Germa·

239 3465 324 3530 ‚nici
346 3465 441 3543 fudit3
464 3466 606 3548 interque
629 3467 757 3530 caedem
779 3476 810 3530 et
830 3467 980 3552 praedam
1000 3466 1136 3552 repperit
1156 3465 1287 3530 undevi-

263 3560 397 3624 cesimae
414 3559 548 3645 legionis
567 3559 703 3643 aquilam
721 3582 794 3624 cum
810 3558 897 3625 Varo
915 3559 1073 3624 amissam.

326 3653 468 3718 Ductum
489 3655 563 3718 inde
585 3676 699 3740 agmen
721 3654 762 3718 ad
782 3653 909 3718 ultimos
929 3654 1167 3730 Bructerorum,
1190 3674 1287 3736 quan-

263 3757 391 3830 tumque
409 3746 566 3813 Amisiam
583 3757 615 3812 et
626 3747 766 3832 Lupiam
784 3769 891 3812 amnes
909 3747 999 3824 inter,
1016 3754 1185 3823 vastatum,
1204 3743 1288 3809 hand

263 3841 372 3924 procul
390 3840 654 3928 Teutoburgiensi
672 3841 768 3917 saltu,
790 3841 823 3903 in
845 3862 907 3922 quo
924 3839 1074 3922 reliquiae
1091 3837 1171 3904 Vari
1191 3837 1288 3924 legio-

215 3954 245 4002 61
264 3955 401 4016 numque
417 3934 590 4019 insepultae
605 3932 795 3999 dicebantur.
813 3934 909 4020 igitur
926 3934 1040 4018 cupido
1054 3931 1226 3998 Caesarem
1242 3931 1287 3994 in-

264 4025 351 4092 vadit
368 4026 508 4091 solvendi
527 4051 673 4113 suprema
685 4027 835 4093 militibus
851 4027 996 4110 ducique,
1012 4033 1155 4112 permoto
1173 4025 1215 4089 ad
1231 4023 1287 4088 mi-

266 4119 450 4184 serationem
463 4122 548 4186 omni
557 4122 610 4206 qui
623 4122 729 4190 aderat
743 4121 880 4186 exercitu
889 4120 929 4186 ob
942 4120 1144 4206 propinquos,
1159 4118 1285 4194 amieos,
