2760 4874
219 401 282 467 300
565 409 750 467 CORNELII
765 406 899 464 TACITI

1139 504 1159 536 a.
1169 508 1192 536 n.
1203 499 1249 538 817.

219 569 453 636 mercimonium
466 568 641 652 ineratque
654 566 781 631 flamma
794 565 895 642 alitur,
911 565 1003 629 simul
1017 574 1150 650 coeptus
1164 567 1249 652 ignis

218 676 250 729 et
268 665 372 730 statim
390 663 513 728 validus
536 684 574 727 ac
591 671 684 726 vento
707 661 787 726 citus
808 660 1036 745 longitudinem
1059 660 1135 724 circi
1154 661 1251 724 corri—

217 760 299 845 puit3
326 780 427 842 neque
449 757 532 822 enim
554 757 666 820 domus
694 754 894 819 munimentis
922 765 1028 839 septae
1050 754 1102 818 vel
1130 755 1250 839 templa

218 854 315 919 muris
343 854 444 918 cincta
469 862 523 916 aut
544 851 620 934 quid
643 850 728 914 aliud
754 871 859 913 morae
885 847 1097 913 interiacebat.
1126 848 1250 934 impetu

218 957 424 1034 pervagatum
441 945 619 1009 incendium
637 944 731 1029 plana
747 943 892 1028 primum,
912 942 1024 1007 deinde
1041 942 1075 1006 in
1092 943 1179 1006 edita
1197 966 1249 1006 as-

219 1063 365 1126 surgens,
393 1050 424 1104 ct
448 1061 557 1103 rursus
584 1038 737 1103 inferiora.
755 1034 949 1121 populand0,
977 1036 1085 1100 anteiit
1106 1035 1249 1100 remedia

218 1135 382 1200 velocitate
399 1135 474 1199 mali
491 1145 522 1198 et
540 1133 676 1199 obnoxia
692 1131 770 1197 urbe
793 1132 868 1198 artis
890 1123 1052 1197 itineribus
1070 1131 1198 1216 hucque
1217 1142 1249 1196 et

217 1233 291 1299 illuc
308 1232 397 1296 flexis
416 1241 509 1314 atque
527 1229 706 1294 enormibus
724 1229 812 1305 vicis,
832 1228 933 1312 qualis
951 1237 1045 1292 vetus
1058 1227 1164 1292 Roma
1176 1226 1247 1291 fuit.

218 1327 259 1391 ad
272 1326 332 1390 hoc
345 1325 481 1389 lamenta
496 1324 676 1409 'paventium
693 1319 920 1408 [feminarum],
938 1321 1024 1386 fessa
1044 1318 1178 1407 [aetate]
1193 1331 1249 1387 aut

217 1420 305 1484 rudis
329 1416 508 1505 [pucritiae]
532 1428 632 1494 aetas,
661 1417 777 1500 quique
800 1415 860 1481 sibi
878 1416 995 1500 quique
1013 1415 1249 1480 aliisconsule-

219 1514 308 1591 bant,
332 1514 407 1576 dum
425 1513 551 1576 trahunt
568 1511 722 1576 invalidos
741 1520 796 1574 aut
813 1510 1028 1595 opperiuntur,
1054 1531 1129 1593 pars
1148 1531 1248 1585 mora,

217 1631 291 1694 pars
309 1608 476 1683 festinans,
496 1617 608 1671 cuneta
624 1604 846 1691 impediebant.
865 1613 896 1669 et
914 1625 1022 1690 saepe,
1040 1603 1117 1666 dum
1135 1603 1170 1667 in
1187 1612 1250 1667 ter-

217 1724 293 1787 gum
302 1710 486 1784 respectant,
502 1698 650 1764 lateribus
663 1711 718 1763 aut
731 1700 833 1764 fronte
842 1697 1178 1774 circumveniebantur,
1197 1697 1250 1760 vel

126 1851 136 1863 .,
159 1850 176 1883 ‚.
218 1795 294 1859 siin
312 1793 455 1879 proxima
474 1794 648 1869 evaserant,
667 1793 727 1858 illis
746 1815 872 1877 quoque
888 1792 955 1879 igni
972 1792 1133 1876 correptis,
1154 1791 1250 1856 etiam

217 1910 298 1972 quae
324 1887 497 1974 longinqua
527 1888 723 1952 crediderant
745 1887 782 1951 in
808 1887 920 1951 eodem
942 1908 1018 1951 casu
1035 1883 1249 1970 reperiebantt

217 1993 389 2067 postremo,
408 1981 485 2064 quid
501 1981 648 2059 vitarent,
675 1981 752 2063 quid
772 1990 914 2065 peterent
931 1979 1071 2065 ambigui
1090 1979 1250 2064 complere

218 2078 300 2153 vias,
320 2075 417 2141 sterni
438 2097 494 2160 per
512 2098 619 2160 agros;
646 2075 775 2159 quidam
793 2074 918 2139 amissis
937 2073 1083 2139 omnibus
1101 2072 1249 2150 fortunis,

218 2170 320 2235 diurni
333 2192 457 2253 quoque
471 2170 583 2247 victus,
602 2169 654 2234 alii
669 2170 796 2234 caritate
811 2191 948 2245 suorum,
963 2190 1043 2252 quos
1058 2167 1180 2254 eripere
1193 2189 1249 2231 ne·

218 2266 394 2348 quiverant,
427 2264 569 2346 quamvis
591 2273 717 2348 patente
741 2261 859 2349 effugio
886 2262 1038 2326 interiere.
1074 2283 1134 2326 nec
1162 2261 1250 2345 quis-

217 2381 313 2442 quam
331 2357 498 2425 defendere
516 2357 666 2435 audebat,
694 2348 809 2421 crebris
832 2356 1001 2431 multorum
1023 2355 1117 2419 minis
1135 2355 1250 2421 restin-

218 2475 313 2538 guere
331 2451 573 2538 prohibentium,
593 2462 624 2516 et
641 2451 715 2536 quia
732 2452 784 2516 alii
801 2450 905 2536 palam
923 2451 1009 2515 faces
1026 2449 1186 2514 iaciebant
1203 2458 1251 2513 at·
1327 2466 1337 2486 ·’

218 2570 280 2629 que
308 2569 378 2611 esse
405 2547 465 2610 sibi
493 2557 651 2611 auctorem
678 2545 943 2622 vociferabantur,
980 2545 1046 2609 sive
1077 2553 1114 2608 ut
1139 2553 1249 2629 raptus

217 2642 361 2706 licentius
381 2652 569 2720 exercerent,
590 2665 647 2706 seu
664 2642 762 2711 iussu,
918 2640 921 2645 ’

168 2758 199 2803 39
282 2735 333 2798 Eo
356 2736 388 2797 iu
410 2745 549 2819 tempore
571 2735 654 2799 Nero
671 2734 762 2799 Antii
784 2758 881 2822 agens
904 2758 967 2799 non
989 2744 1060 2798 ante
1082 2733 1117 2797 in
1138 2733 1249 2797 urbem

217 2850 379 2912 regressus
398 2838 446 2891 est
468 2850 562 2909 quam
581 2829 688 2892 domui
710 2830 791 2905 eius,
815 2852 877 2913 qua
898 2829 1049 2914 palatium
1072 2837 1103 2891 et
1120 2826 1249 2891 Maece-

218 2921 298 2984 natis
316 2919 425 2984 hortos
446 2921 692 2997 continuaverat,
716 2923 798 3008 ignis
821 2925 1057 3009 propinquaret3
1080 2943 1184 3005 neque
1204 2931 1249 2984 ta-

217 3037 290 3078 men
309 3014 376 3078 sisti
393 3014 502 3099 potuit,
525 3015 602 3097 quin
620 3024 651 3079 et
668 3016 818 3100 palatium
837 3029 867 3083 et
881 3020 992 3082 domus
1011 3026 1042 3081 et
1060 3025 1174 3080 cuncta
1193 3015 1250 3078 cir-

218 3133 290 3174 cum
313 3109 518 3174 haurirentur.
547 3111 603 3175 sed
626 3112 770 3175 solatium
791 3113 908 3198 populo
931 3111 1094 3176 exturbato
1118 3132 1156 3174 ac
1178 3131 1250 3195 pro-

218 3206 295 3291 fugo
309 3228 453 3290 campum
467 3204 581 3270 Martis
595 3228 632 3270 ac
645 3217 846 3274 monumenta
859 3207 1031 3292 Agrippae,
1050 3204 1159 3269 hortos
1173 3203 1249 3286 quin

219 3301 312 3364 ctiam
339 3323 412 3365 suos
439 3299 587 3385 patefecit
609 3309 640 3364 et
663 3300 812 3365 subitaria
837 3301 979 3365 aedificia
1004 3299 1143 3367 extruxit
1168 3319 1249 3379 quac

220 3393 450 3457 multitudinem
468 3395 593 3478 inopem
611 3396 795 3479 acciperent,
816 3394 1027 3476 subvectaque
1044 3391 1192 3455 utensilia
1211 3389 1250 3454 ab

221 3487 314 3553 Ostia
328 3499 358 3552 et
370 3488 552 3572 propinquis
566 3490 753 3573 municipiis,
772 3490 968 3574 pretiumque
984 3485 1135 3551 frumenti
1149 3485 1251 3548 minu-

220 3594 286 3646 tum
299 3603 399 3664 usque
414 3582 454 3645 ad
468 3592 573 3648 ternos
587 3607 742 3648 nummos.
766 3606 855 3666 quae,
870 3604 1061 3668 quamquam
1076 3579 1250 3665 popularia,

220 3680 252 3741 in
268 3678 388 3741 irritum
408 3677 575 3753 cadebant,
598 3678 671 3761 quia
689 3688 870 3763 pervaserat
891 3699 998 3742 rumor
1019 3676 1090 3760 ipso
1110 3684 1252 3759 tempore

220 3772 380 3858 flagrantis
403 3772 489 3836 urbis
517 3773 613 3837 inisse
636 3795 708 3837 eum
731 3773 933 3837 domesticam
960 3792 1088 3835 scenam
1111 3779 1144 3834 et
1170 3769 1252 3834 ceci-

220 3867 306 3931 nisse
325 3866 498 3931 Troianum
517 3867 686 3944 excidium,
709 3867 884 3952 praesentia
902 3866 984 3930 mala
1002 3864 1136 3929 vetustis
1156 3864 1252 3929 cladi·

220 3960 279 4024 bus
298 3961 547 4026 adsimulantem.
593 3982 598 3988 ’
1086 3972 1089 3978 ’

170 4077 203 4122 tu
287 4051 384 4118 Sexto
407 4056 534 4120 demum
556 4057 606 4120 die
628 4057 712 4140 apud
734 4057 812 4120 imas
830 4054 991 4137 Esquilias
1006 4053 1086 4143 finis
1106 4054 1253 4118 incendio

220 4147 332 4222 factus,
352 4150 507 4232 proruptis
521 4172 578 4234 per
586 4151 762 4214 inmensum
775 4148 933 4226 aedificiis,
952 4157 986 4212 ut
1002 4147 1171 4213 continuae
1187 4148 1253 4212 vio·
