2760 4874
263 358 307 442 48
611 338 932 430 consummem

264 530 418 607 tramittit3
444 527 607 614 praefuere
627 525 795 594 Stertinius
819 541 850 595 et
865 551 884 594 e
900 551 1030 594 numero
1046 466 1286 616 primipilllhlh

229 667 233 674 ·
263 623 429 700 Aemilius,
448 622 635 688 distantibus
653 623 730 687 locis
747 624 875 701 invecti,
892 634 929 688 ut
945 624 1069 688 hostem
1087 624 1285 703 diducerent3

263 741 326 802 qua
343 717 521 783 celerrimus
539 716 650 793 amnis,
670 715 891 794 Chariovalda,
911 718 976 782 dux
993 717 1195 795 Batavorum,
1215 740 1304 783 eru-·

262 813 317 897 pit.
341 834 413 875 eum
431 809 584 876 Cherusci
601 809 710 897 sugam
728 810 909 876 simulantes
927 812 960 875 in
976 811 1137 897 planitiem
1152 811 1285 878 saltibus

263 905 492 970 circumiectam
519 913 653 981 traxere3
679 903 752 968 dein
778 905 875 969 coorti
896 914 927 970 et
948 905 1086 988 undiq'ue
1105 905 1198 970 effusi
1220 915 1286 971 tru-

263 999 342 1063 dunt
363 999 525 1075 adversos,
551 998 668 1063 instant
690 997 872 1063 cedentibus
894 999 1104 1083 collectosque
1125 999 1159 1063 in
1176 1000 1285 1065 orbem

262 1115 335 1177 pars
357 1092 532 1178 congressi,
559 1091 687 1175 quidam
704 1091 825 1157 eminus
847 1091 1040 1177 proturbant.
1073 1091 1286 1158 Chariovalda
1340 1147 1343 1151 .

263 1186 318 1250 din
335 1195 508 1251 sustentata
525 1184 662 1250 hostium
680 1185 819 1262 saevitia,
838 1185 978 1250 hortatus
997 1208 1071 1250 suos
1090 1195 1124 1249 ut
1136 1186 1285 1272 ingruen-

262 1395 370 1449 ruens‚
397 1372 554 1458 congestis
577 1372 646 1437 telis
673 1382 705 1436 et
727 1372 863 1438 suffosso
885 1393 966 1456 equo
983 1371 1111 1450 labitur,
1134 1394 1172 1437 ac
1193 1372 1285 1437 multi

262 1466 414 1530 nobilium
432 1466 526 1530 circa:
549 1474 669 1530 ceteros
686 1466 735 1530 vis
754 1488 812 1532 sua
829 1475 884 1530 aut
905 1465 1024 1549 equites
1042 1488 1115 1530 cum
1134 1464 1284 1531 Stertinio

262 1557 461 1642 Aemilioque
480 1558 699 1624 subvenientes
717 1557 855 1644 periculo
874 1580 1026 1623 exemere.

214 1673 245 1720 12
328 1653 447 1719 Caesar
464 1664 677 1740 transgressus
690 1653 853 1740 Visurgim
870 1654 985 1718 indicio
1001 1652 1152 1740 perfugae
1167 1673 1285 1740 cogno-

264 1747 323 1811 scit
348 1747 502 1812 delectum
528 1747 568 1812 ab
586 1745 730 1812 Arminio
755 1747 858 1812 locum
880 1769 1020 1833 pugnae3
1047 1746 1231 1812 convenisse
1254 1763 1285 1810 et

263 1841 340 1927 alias
353 1841 495 1907 nationes
508 1841 542 1905 in
556 1840 667 1906 silvam
675 1840 807 1905 Herculi
817 1863 937 1906 sacram
951 1862 1145 1924 ausurosque
1159 1849 1285 1905 noctur·

263 1958 336 1999 nam
350 1945 521 2001 castrorum
535 1935 808 2021 oppugnationem.
830 1934 938 2000 habita
953 1935 1049 2000 indici
1062 1935 1149 2011 fides,
1170 1943 1201 2000 et
1219 1956 1286 1999 cer-

262 2028 416 2094 nebantur
427 2030 525 2117 -ignes
531 2055 540 2108 3
568 2029 791 2116 suggressique
808 2030 937 2115 propius
956 2029 1165 2115 speculatores
1184 2028 1286 2093 audiri

263 2121 421 2186 fremitum
439 2144 589 2206 equorum
605 2123 801 2207 inmensique
824 2131 855 2188 et
871 2123 1021 2188 inconditi
1043 2122 1177 2209 agminis
1199 2145 1285 2186 mur-

263 2238 334 2279 mur
350 2216 488 2280 attulere.
512 2216 607 2301 igitur
622 2217 797 2301 propinquo
816 2238 955 2281 summae
971 2217 1017 2281 rei
1035 2216 1213 2281 discrimine
1230 2236 1286 2280 ex·

263 2308 430 2393 plorandos
447 2309 580 2373 militum
603 2310 723 2375 animos
739 2320 846 2387 ratus,
869 2332 1005 2394 quonam
1021 2309 1055 2374 id
1072 2310 1166 2374 modo
1182 2309 1285 2374 incor-
1340 2332 1347 2345 ·

263 2414 389 2490 ruptum
402 2405 492 2483 foret,
507 2427 613 2471 secum
622 2404 775 2493 agitabat:
794 2406 934 2470 tribunos
948 2413 980 2470 et
993 2404 1188 2470 centuriones
1202 2403 1286 2468 laeta

264 2500 389 2584 saepius
411 2521 506 2582 quam
527 2509 686 2585 comperta
706 2500 863 2578 nuntiare3
889 2500 1069 2564 libertorum
1092 2497 1217 2563 servilia
1237 2498 1286 2561 in-

263 2593 370 2678 genia3
397 2594 504 2658 amicis
526 2594 631 2658 inesse
648 2593 873 2672 adulaticncm3
897 2594 924 2659 si
940 2593 1044 2661 contio
1061 2600 1198 2669 vocetur,
1221 2591 1285 2656 illic

264 2707 387 2769 quoquc
404 2708 484 2770 quae
505 2688 598 2772 pauci
619 2687 769 2772 incipiant
786 2687 922 2771 reliquos
940 2689 1132 2772 adstrepere:
1157 2685 1284 2771 penitus
1337 2690 1343 2701 ’

263 2779 438 2843 noscendas
459 2789 593 2856 mentes,
621 2802 693 2844 cum
716 2781 827 2845 secreti
849 2791 881 2846 et
902 2781 1081 2846 incustoditi
1102 2780 1183 2843 inter
1204 2778 1286 2842 mili-

215 2872 338 2939 13ta1is
370 2871 456 2937 cibos
483 2895 571 2958 spem
603 2882 657 2937 aut
682 2883 801 2938 metum
830 2875 1013 2961 proferrent.
1052 2883 1143 2940 noete
1174 2881 1287 2958 coepta

265 2987 410 3052 egressus
428 2964 571 3051 augurali
587 2988 645 3051 per
661 2968 784 3033 occulta
805 2979 837 3034 et
858 2969 1006 3055 vigilibus
1028 2969 1152 3055 ignara,
1171 2966 1286 3032 comite

264 3081 341 3135 uno,
368 3068 529 3125 contectus
551 3058 699 3125 humeros
718 3061 818 3126 ferina
834 3062 916 3147 pelle
933 3062 999 3127 adit
1016 3070 1187 3126 castrorum
1205 3059 1284 3136 vias,

264 3153 387 3218 adsistit
408 3153 616 3219 tabernaculis
639 3153 813 3238 fruiturque
831 3156 917 3221 fama
935 3156 994 3232 sui,
1017 3177 1089 3220 cum
1105 3154 1157 3219 hic
1173 3153 1286 3230 nobili-

264 3257 359 3312 tatem
372 3247 470 3324 ducis,
489 3248 634 3313 decorem
646 3248 735 3326 nlius,
753 3249 879 3335 plurimi
890 3249 1081 3335 patientiam,
1096 3248 1284 3332 comitatem,

263 3364 320 3428 per
337 3342 417 3408 seria
432 3364 489 3428 per
505 3343 591 3408 iocos
609 3344 742 3408 eundem
764 3344 903 3408 animum
919 3343 1064 3408 laudibus
1082 3342 1198 3407 ferrent
1214 3342 1286 3407 red-

264 3437 463 3520 dendamque
484 3437 618 3523 gratiam
639 3437 672 3500 in
693 3437 760 3501 acie
777 3437 963 3514 faterentur,
990 3436 1083 3502 simul
1099 3433 1236 3521 perfidos
1255 3443 1287 3500 et

264 3540 405 3615 ruptores
431 3531 518 3615 pacis
544 3530 654 3595 ultioni
680 3539 711 3595 et
735 3529 853 3615 gloriae
879 3530 1072 3607 mactandos.
1102 3529 1184 3593 inter
1205 3548 1286 3611 quae

264 3645 345 3688 unus
371 3624 521 3702 hostium,
548 3624 684 3688 Latinae
708 3624 834 3710 linguae
862 3625 978 3702 sciens,
1005 3633 1075 3689 acto
1101 3624 1142 3687 ad
1167 3621 1286 3686 vallum

264 3739 345 3800 equo
362 3739 439 3782 voce
461 3741 576 3803 magna
597 3717 746 3803 coniuges
769 3728 800 3782 et
817 3740 909 3804 agros
932 3728 964 3782 et
986 3716 1132 3802 stipendii
1152 3715 1185 3779 in
1207 3716 1285 3792 dies,

265 3811 364 3875 donec
377 3811 544 3876 bellaretur
543 3813 730 3888 ,sestertios
744 3821 815 3877 cent
815 3835 902 3891 enos,
926 3812 953 3878 si
970 3813 1041 3896 quis
1054 3809 1285 3895 transfugisset,

265 3903 401 3968 Arminii
422 3905 547 3970 nomine
568 3905 739 3990 pollicetur.
770 3907 908 3972 incendit
895 3917 968 3973 tea
984 3915 1057 3972 cont
1044 3904 1173 3970 tumelia
1189 3903 1287 3989 legio-

266 4020 341 4062 num
358 3999 434 4063 iras:
461 4000 579 4064 veniret
596 4000 678 4078 dies,
701 4001 789 4066 daret
777 4011 827 4065 tur
842 4024 963 4088 pugna.
991 4008 1189 4085 sumpturum
1205 3997 1286 4064 mili-

266 4107 330 4158 tem
357 4091 585 4161 Gcrmanorum
611 4118 720 4181 agros,
747 4106 918 4161 tracturum
944 4095 1108 4182 coniuges3
1144 4093 1285 4180 accipere
