2760 4874
265 404 341 505 Ι326
629 413 812 470 CORNELII
824 411 953 469 TAClTI

209 530 247 565 ι,
268 516 274 525 ’
1197 514 1218 544 ι.
1228 515 1252 545 n.
1263 506 1310 545 819.

220 592 262 661 fi
275 584 443 659 terrogant.
463 573 539 656 quin
548 583 578 634 et
588 570 641 634 illa
649 569 835 649 obiectabat,
848 570 1001 655 principio
1010 571 1085 635 anni
1094 572 1196 636 vitare
1208 571 1312 637 Thra·

277 690 364 733 seam
374 667 524 732 sollemne
534 666 583 729 ius
593 665 768 740 iurandum,
788 663 1073 750 nuncupationibus
1083 676 1232 731 votorum
1246 689 1312 732 non

276 762 397 838 adesse,
406 759 551 844 quamvis
561 758 830 841 quindecimvirali
840 759 1013 824 sacerdotio
1022 760 1310 844 praeditummum·

275 878 370 940 quam
380 877 436 940 pro
447 854 546 917 salute
556 853 706 937 principis
716 862 770 916 aut
783 852 911 916 caelesti
920 875 997 918 voce
1007 854 1235 932 immolavisse,
1255 855 1310 919 ad·

277 951 402 1014 sinuum
417 947 492 1012 olim
506 957 536 1011 et
550 946 754 1023 indefessum,
774 947 828 1030 qui
845 946 1027 1033 volgaribus
1041 970 1167 1031 quoque
1181 958 1309 1034 patrum

276 1044 426 1109 consultis
442 1052 541 1107 semet
553 1042 708 1107 fautorem
722 1052 776 1106 aut
785 1041 1000 1106 adversarium
1008 1043 1197 1120 ostenderet,
1213 1045 1310 1108 trien·

276 1139 328 1203 uio
342 1160 405 1204 non
419 1137 563 1201 introisse
577 1135 696 1200 curiam
709 1135 958 1220 nuperrimeque,
978 1158 1050 1200 cum
1065 1137 1105 1200 ad
1115 1138 1308 1201 coercendos

278 1232 422 1299 Silanum
438 1243 469 1295 et
477 1229 626 1295 Veterem
640 1230 781 1294 certatim
795 1240 1037 1307 concurreretur,
1055 1230 1187 1314 privatis
1202 1231 1308 1315 potius

276 1326 435 1391 clientium
445 1324 578 1409 negotiis
588 1324 765 1388 vacavisse:
776 1323 987 1388 secessionem
996 1325 1059 1389 iam
1068 1325 1101 1387 id
1110 1333 1141 1388 et
1149 1337 1256 1409 partes
1267 1336 1307 1401 et,

277 1421 304 1485 si
318 1420 401 1484 idem
417 1420 505 1483 multi
515 1419 659 1495 audeant,
670 1418 788 1483 bellum
802 1440 883 1482 esse.
904 1428 957 1496 „ut
966 1419 1125 1502 quondam
1136 1418 1175 1483 O.
1187 1417 1309 1484 Caesa·

276 1522 363 1580 rem*
378 1515 479 1598 inquit
494 1523 544 1591 „et
553 1513 600 1576 M.
608 1512 772 1589 Catonem,
786 1513 830 1576 ita
842 1535 926 1576 nrum
936 1523 975 1588 te,
986 1511 1080 1589 Nem,
1090 1524 1121 1576 et
1130 1511 1308 1578 Thraseam

277 1610 369 1674 avida
383 1608 608 1672 discordiarum
623 1608 735 1671 civitas
750 1607 899 1690 loquitur3
918 1618 949 1671 et
963 1607 1056 1672 habet
1071 1617 1243 1673 sectatores
1256 1609 1308 1673 vel

276 1703 381 1788 potius
400 1701 564 1776 satellites,
592 1701 646 1783 qui
669 1701 809 1765 nondum
831 1702 1061 1766 contumaciam
1080 1703 1307 1768 sententiarum

277 1797 333 1859 scd
347 1793 487 1859 habitum
497 1793 678 1877 voltumque
688 1794 756 1858 cius
772 1804 937 1873 sectantur,
956 1796 1050 1882 rigidi
1063 1806 1094 1860 et
1107 1797 1225 1874 tristes,
1244 1818 1307 1880 quo

276 1890 333 1954 tibi
342 1889 502 1953 lasciviam
513 1889 708 1973 exprobrent.
728 1889 1306 1967 huicuniincolumitastuasineeuro,

277 1996 358 2050 artes
373 1984 440 2049 sinc
454 1984 580 2053 honore.
599 2005 767 2069 prosperas
780 1984 931 2069 principis
949 2007 999 2049 res
1019 1985 1151 2069 spernit:
1170 1985 1307 2049 etiamne

276 2080 412 2144 luctibus
431 2088 462 2142 et
479 2076 638 2142 doloribus
652 2101 715 2142 non
730 2078 880 2142 satiatur?
898 2079 1039 2144 eiusdem
1053 2078 1150 2142 animi
1163 2077 1308 2164 estPop-

277 2196 387 2259 pacam
406 2174 511 2237 divam
533 2195 597 2236 non
614 2173 754 2250 credere,
778 2172 867 2236 euius
890 2173 922 2235 in
946 2182 1015 2236 aeta
1033 2173 1097 2236 divi
1114 2171 1259 2258 Augusti
1277 2188 1307 2236 et

277 2268 419 2331 ‹liviIulii
429 2290 491 2331 non
501 2267 611 2331 iurare.
627 2267 744 2351 spernit
753 2266 1070 2352 religiones,abrogat
1079 2266 1176 2352 leges.
1193 2266 1308 2330 diurna

277 2361 384 2446 populi
403 2361 539 2425 Romani
556 2383 612 2445 per
633 2360 827 2445 provincias,
851 2382 908 2445 per
930 2361 1084 2425 exercitus
1103 2361 1244 2424 curatius
1262 2360 1307 2424 le·

278 2465 403 2540 guntur,
422 2465 456 2519 ut
473 2464 620 2519 noscatur
638 2454 714 2537 quid
724 2453 867 2518 Thrasea
884 2477 948 2518 non
961 2453 1079 2517 feccrit.
1098 2463 1153 2517 aut
1166 2463 1307 2517 transea-

279 2571 349 2612 mus
368 2549 407 2612 ad
426 2549 479 2612 illa
496 2549 650 2624 instituta,
675 2548 702 2611 si
723 2548 844 2632 potiora
862 2556 948 2624 sunt,
976 2557 1030 2610 aut
1050 2570 1134 2612 nova
1153 2547 1308 2631 cupienti-

278 2644 337 2708 bus
356 2644 516 2707 auferatur
529 2644 594 2707 dux
612 2653 642 2706 et
656 2652 772 2706 auctor.
791 2642 853 2706 ista
867 2651 952 2706 secta
962 2640 1146 2705 Tuberones
1162 2642 1308 2705 ctFavo-

278 2739 357 2813 nios,
376 2738 473 2801 veteri
488 2759 613 2819 quoque
626 2737 671 2800 rei
684 2735 828 2820 publicae
841 2735 965 2821 ingrata
977 2735 1113 2812 nomina,
1133 2736 1253 2820 genuit.
1272 2747 1307 2799 ut

278 2831 442 2913 imperium
461 2841 613 2906 evertant,
632 2830 807 2894 libertatem
828 2831 1020 2914 praeferunt:
1045 2829 1072 2892 si
1089 2829 1305 2914 perverterint,

277 2924 452 2988 libertatem
469 2925 571 3007 ipsam
590 2924 819 3008 adgrediemur.
843 2925 960 2990 frustra
978 2923 1128 2990 Cassium
1147 2925 1304 2999 amovisti,

278 3019 305 3081 si
323 3017 455 3102 gliscere
473 3026 504 3080 ct
522 3018 628 3102 vigere
637 3017 806 3081 Brutorum
825 3019 965 3083 aemulos
983 3041 1134 3102 pessmus
1154 3040 1208 3082 es·
1219 3013 1307 3081 deni-

278 3135 339 3195 que
357 3111 434 3174 nihil
452 3112 520 3196 ipse
538 3112 577 3175 dc
596 3111 738 3176 Thrasea
756 3113 932 3198 scripseris:
956 3114 1198 3196 disceptatorem
1217 3134 1307 3175 sena·

277 3219 344 3270 tum
362 3205 452 3269 nobis
470 3206 640 3289 relinquc.“
660 3208 780 3271 extollit
793 3208 840 3271 ira
852 3217 1032 3291 promptum
1043 3205 1227 3271 Cossutiani
1241 3206 1308 3270 ani-

279 3325 365 3365 mum
381 3299 465 3364 Nero
484 3301 638 3383 adicitque
656 3300 844 3364 Marcellum
862 3301 1012 3385 Eprium,
1036 3301 1100 3364 acri
1118 3300 1306 3382 eloquentia.

228 3413 259 3457 aa
342 3393 389 3458 At
401 3393 536 3458 Baream
551 3393 707 3458 Soranum
725 3395 788 3458 iam
807 3394 868 3459 sibi
878 3393 1027 3460 Ostorius
1039 3392 1189 3470 Sabinus,
1208 3416 1307 3477 eques

278 3489 450 3565 Romanus,
469 3499 653 3572 poposcerat
669 3511 758 3553 rcum
776 3511 816 3551 ex
833 3487 1056 3572 proconsulatu
1063 3486 1173 3563 Asiae,
1192 3487 1309 3570 inqua

279 3583 469 3647 offensiones
487 3582 636 3667 principis
655 3583 742 3646 auxit
759 3582 878 3646 iustitia
895 3592 988 3664 atque
1011 3581 1165 3645 industria
1183 3591 1214 3644 ct
1233 3581 1309 3664 quia

279 3679 381 3763 portui
399 3677 610 3761 Ephesiorum
628 3677 795 3761 aperiendo
814 3698 921 3740 curam
939 3677 1159 3761 insumpserat,
1179 3675 1308 3758 vimque

278 3773 411 3837 civitatis
421 3771 645 3856 Pergamenae,
664 3770 856 3855 prohibentis
866 3770 1030 3846 Acratum,
1051 3769 1198 3834 Caesaris
1213 3769 1308 3833 liber-

279 3879 359 3943 tum,
389 3875 506 3928 statuas
526 3876 556 3928 et
577 3865 715 3949 picturas
734 3865 880 3941 evehere,
908 3864 1040 3928 inultam
1058 3864 1221 3928 omiserat:
1252 3864 1309 3928 sed

279 3961 400 4024 crimini
427 3959 559 4023 dabatur
585 3959 722 4023 amicitia
748 3958 854 4022 Plauti
880 3968 911 4022 ct
937 3958 1065 4022 ambitio
1092 3957 1309 4021 conciliandae

279 4054 457 4137 provinciae
479 4055 520 4117 ad
543 4076 614 4137 spes
641 4075 751 4117 novae.
783 4063 907 4137 tempus
935 4051 1127 4115 damnationi
1149 4050 1309 4116 delectum

280 4169 342 4228 quo
352 4147 506 4210 Tiridates
517 4149 698 4232 accipiendo
707 4146 877 4212 Armeniae
891 4169 988 4232 regno
998 4145 1196 4222 adventabat,
1215 4155 1252 4209 ut
1266 4149 1308 4210 ad

280 4250 408 4304 externa
429 4241 605 4305 rumoribus
628 4242 809 4305 intestinum
833 4242 935 4305 scelus
954 4241 1188 4316 obscuraretur,
1212 4263 1254 4303 an
1272 4251 1308 4304 ut
