2760 4874
435 376 641 436 ANNALIUM
658 375 733 431 LIB.
748 378 770 431 Ι.
787 377 906 431 33-36.
1137 366 1176 430 21

152 471 274 605 1180118181
297 537 384 602 tarde
402 534 664 620 obtemperavero.
692 544 766 597 tuno
783 557 803 598 8
823 535 1021 599 veneratione
1039 533 1179 620 Augusti
1295 615 1298 620 Ι

152 654 244 698 orsus
262 631 350 696 flexit
371 630 411 694 ad
428 628 574 693 victorias
596 627 831 712 triumphosque
850 627 980 705 Tiberii,
1002 628 1178 714 praecipuis

152 725 299 792 laudibus
312 724 472 790 celebrans
487 745 567 807 quae
580 723 665 807 apud
679 720 864 791 Germanias
882 722 943 787 illis
958 745 1033 787 cum
1049 722 1179 808 legioni-

151 819 211 885 bus
229 817 439 905 pulcherrima
455 816 591 880 fecisset.
618 815 729 880 ltaliae
745 817 818 880 inde
836 838 1037 894 consensum,
1061 815 1179 882 Gallia—

150 936 222 977 rum
244 913 340 977 fidem
357 910 490 989 extollit;
512 910 557 976 nil
574 932 708 993 usquam
726 910 885 975 turbidum
906 920 960 974 aut
981 911 1109 975 discors.
1138 911 1179 975 si-

150 1008 247 1073 lentio
261 1007 339 1072 haec
352 1006 404 1071 vel
416 1027 574 1070 murmure
587 999 710 1070 modico
721 1005 829 1070 audita
843 1014 928 1069 sunt:
946 1013 982 1068 ut
996 1005 1179 1070 seditionem
1197 1025 1229 1074 35

151 1102 264 1189 attigit,
283 1100 337 1166 ubi
349 1099 504 1165 modestia
516 1099 666 1176 militaris,
680 1097 736 1163 ubi
749 1099 862 1162 veteris
876 1097 1058 1183 disciplinae
1071 1099 1177 1176 decus,

149 1217 290 1279 quonam
315 1192 470 1270 tribunos,
502 1213 565 1276 quo
592 1192 787 1257 centuriones
818 1192 998 1278 exegissent
1028 1191 1176 1277 rogitans,

150 1289 271 1352 nudant
284 1286 422 1352 universi
435 1308 573 1372 corpora,
588 1286 746 1350 cicatrices
756 1308 796 1350 ex
810 1285 999 1362 vulneribus,
1014 1285 1177 1369 verberum

115 1412 119 1417 ·
151 1393 241 1448 notas
260 1380 462 1467 exprobrant3
485 1403 560 1445 mox
576 1380 751 1444 indiscretis
769 1379 899 1445 vocibus
921 1380 1021 1465 pretia
1042 1379 1178 1444 vacatio-

44 1542 47 1547 ,
150 1499 236 1552 num,
256 1475 417 1562 angustias
432 1475 588 1560 stipendii,
607 1476 752 1539 duritiam
770 1497 900 1561 operum
918 1498 955 1540 ao
972 1476 1105 1561 propriis
1122 1499 1178 1540 no-

151 1569 288 1635 minibus
305 1570 450 1634 incusant
467 1568 598 1646 vallum,
616 1568 735 1646 fossas,
753 1568 874 1655 pabuli,
897 1569 1058 1646 materiae,
1076 1567 1177 1654 ligno-

150 1687 220 1728 rum
238 1665 401 1750 adgestus,
425 1663 502 1728 etsi
524 1685 585 1746 qua
603 1662 665 1727 alia
686 1685 726 1728 ex
742 1664 928 1729 necessitate
950 1673 1004 1727 aut
1025 1663 1176 1727 adversus

151 1758 250 1823 otium
263 1767 436 1822 castrorum
449 1767 648 1840 quaeumtur.
667 1758 879 1826 atrocissimus
889 1767 1106 1822 veteranorum
1115 1758 1177 1822 cla-

151 1875 220 1917 mor
237 1851 402 1929 oriebatur,
421 1852 477 1936 qui
489 1851 606 1917 tricena
623 1861 677 1916 aut
691 1875 786 1937 supra
800 1852 954 1936 stipendia
965 1860 1175 1929 numerantes,

151 1947 327 2011 mederetur
339 1946 442 2022 188818,
457 1968 520 2010 neu
532 1957 664 2010 mortem
676 1947 709 2010 in
718 1947 818 2011 isdem
827 1945 997 2024 laboribus,
1012 1947 1069 2011 sed
1081 1947 1176 2010 finem

152 2050 216 2104 tam
226 2040 378 2104 exercitae
387 2040 515 2104 militiae
529 2062 630 2123 neque
640 2041 765 2125 inopem
777 2040 916 2124 requiem
930 2040 1069 2105 orabant.
1088 2039 1176 2104 suere

151 2135 246 2199 etiam
262 2134 318 2218 qui
334 2134 470 2220 legatam
488 2158 508 2198 a
524 2135 597 2200 divo
615 2135 763 2222 Augusto
785 2136 951 2221 pecuniam
967 2145 1174 2219 reposcerent,

150 2227 264 2293 faustis
285 2228 321 2293 in
342 2222 565 2294 Germanicum
587 2229 758 2308 ominibus3
785 2239 816 2293 et
838 2231 865 2294 si
886 2229 981 2293 vellet
1001 2229 1174 2313 imperium,

50 2343 53 2347 ·
151 2331 313 2407 promptos
332 2332 536 2387 ostentavere.
560 2333 626 2387 tum
644 2346 728 2400 vero,
748 2322 839 2406 quasi
853 2321 968 2387 scelere
986 2322 1176 2411 contamina·

150 2425 249 2492 retur,
280 2437 429 2501 praeceps
467 2417 612 2481 tribunali
643 2416 782 2494 desiluit3
813 2424 1024 2500 opposuerant
1049 2413 1175 2479 abeunti

151 2532 248 2586 arma,
266 2509 454 2588 minitantes,
472 2511 505 2573 ni
517 2511 746 2596 regrederetur:
765 2509 861 2573 atille
874 2508 1058 2573 moriturum
1071 2508 1175 2592 potius
1204 2551 1214 2581 ,-

150 2625 247 2688 quam
259 2603 355 2669 fidem
368 2615 494 2670 exueret
512 2606 674 2671 clamitans
688 2605 807 2671 ferrum
825 2628 844 2669 a
861 2604 956 2669 latere
969 2604 1105 2689 diripuit,
1113 2604 1177 2669 ela·

151 2708 280 2781 tumque
298 2698 459 2764 deferebat
474 2700 508 2764 in
524 2710 648 2785 pectus,
671 2700 704 2763 ni
720 2699 855 2785 proximi
871 2721 1017 2783 prensam
1035 2699 1175 2762 dextram

58 2818 61 2825 ’
151 2793 183 2856 vi
204 2792 412 2858 attinuissent.
440 2803 579 2858 extrema
600 2802 632 2858 et
649 2793 837 2880 conglobata
857 2794 938 2857 inter
956 2815 990 2857 se
1010 2814 1084 2877 pars
1102 2813 1176 2857 con-

151 2885 244 2950 tionis
262 2907 313 2964 ao,
336 2886 391 2950 vix
408 2887 554 2952 credibile
576 2888 677 2965 dictu,
700 2888 827 2971 quidam
846 2887 962 2973 singuli
983 2887 1111 2972 propius
1128 2886 1176 2950 in-

151 2982 298 3045 cedentes
321 2981 426 3046 feriret
447 2981 663 3059 hortabantur3
686 2992 718 3047 et
739 2983 829 3049 miles
850 2981 975 3047 nomine
995 2980 1175 3046 Calusidius

151 3074 294 3139 strictum
311 3075 423 3141 obtulit
445 3077 598 3163 gladium,
621 3078 728 3142 addito
750 3078 919 3142 acutiorem
937 3098 1022 3142 esse:
1045 3098 1174 3140 saevum

119 3245 124 3254 ι
149 3168 184 3232 id
200 3169 337 3253 malique
354 3171 449 3236 moris
468 3171 561 3236 etiam
579 3171 753 3236 furentibus
771 3172 889 3249 visum,
908 3192 945 3235 ao
963 3171 1105 3254 spatium
1116 3168 1176 3232 fuit
1257 3177 1260 3183 '

150 3284 215 3345 quo
234 3261 353 3329 Caesar
370 3264 409 3330 ab
428 3267 537 3331 amicis
555 3267 587 3331 in
604 3266 839 3331 tabernaculum
856 3274 1026 3351 raperetur.

217 3355 438 3425 Consultatum
451 3360 496 3425 ibi
509 3361 548 3426 de
561 3361 713 3438 remedi03
732 3361 847 3425 etenim
860 3357 1064 3423 nuntiabatur
1073 3354 1176 3441 parari
1194 3373 1226 3422 36

150 3450 282 3538 legatos,
301 3454 356 3536 qui
373 3456 565 3540 superiorem
578 3457 749 3519 exercitum
767 3455 807 3519 ad
825 3475 952 3518 causam
966 3451 1096 3517 eandem
1114 3459 1176 3514 tra-

152 3546 276 3624 herent;
294 3548 484 3613 destinatum
497 3549 618 3614 excidio
631 3548 787 3614 Ubiorum
800 3546 959 3632 oppidum,
977 3544 1176 3628 imbutasque

151 3640 269 3723 praeda
290 3663 402 3707 manus
420 3643 454 3706 in
471 3643 674 3728 direptionem
693 3639 867 3707 Galliarum
885 3649 1047 3725 erupturas
1053 3662 1062 3716 ;
1081 3661 1176 3724 auge-

153 3732 208 3798 bat
229 3744 348 3799 metum
369 3759 487 3823 gnarus
504 3737 666 3802 Romanae
689 3735 848 3800 seditionis
867 3743 911 3811 et,
936 3733 963 3798 si
984 3733 1176 3797 omitteretur

152 3828 234 3912 ripa,
250 3829 418 3895 invasurus
435 3830 549 3908 hostis3
567 3841 600 3896 at
618 3831 645 3896 si
662 3829 778 3894 auxilia
795 3837 826 3893 et
843 3827 920 3893 sooii
937 3827 1104 3891 adversum
1121 3825 1176 3891 ab·

154 3924 308 3988 scedentis
325 3924 465 4011 legiones
488 3936 695 4001 armarentur,
719 3924 809 3988 civile
830 3922 947 3988 bellum
969 3921 1099 4006 suscipi;
1121 3944 1176 4006 pe-

153 4016 288 4083 riculosa
306 4018 469 4097 severitas,
492 4019 647 4106 flagitiosa
663 4017 800 4103 largitio:
824 4039 880 4082 seu
898 4015 975 4080 nihil
996 4016 1086 4080 militi
1109 4017 1182 4101 sive·
1223 4084 1224 4087 ,

154 4110 258 4177 omnia
271 4112 489 4190 concedentur,
507 4112 540 4179 in
551 4112 681 4199 ancipiti
691 4133 742 4179 res
759 4111 894 4199 publica
917 4111 1012 4197 igitur
1029 4110 1174 4177 volutatis
