2760 4874
258 392 299 459 58
571 454 573 459 ,
608 402 790 460 CORNELII
804 403 934 460 TACITI

1174 506 1194 536 a.
1205 509 1227 537 u.
1236 500 1281 540 ¹169.

258 585 332 648 ceps
358 561 524 626 duodecim
550 559 731 625 candidatos
753 560 787 623 in
808 580 908 626 annos
932 561 1073 648 singulos
1099 564 1283 631 nominaret.

257 657 342 722 haud
359 654 489 721 dubium
511 664 577 718 erat
594 675 665 718 eam
687 654 873 719 sententiam
895 655 988 722 altius
1005 666 1168 742 penetrare
1185 669 1217 723 et
1234 683 1285 724 ar-

257 773 336 815 cana
356 748 477 834 imperii
499 747 659 837 temptari3
685 745 831 813 Tiberius
854 759 982 826 tamen,
999 751 1090 833 quasi
1116 762 1285 838 augeretur

255 852 393 928 potestas
407 843 484 919 eius,
504 841 663 928 disseruit:
681 862 777 926 grave
790 841 994 907 moderationi
1008 865 1084 908 suae
1096 853 1144 909 tot
1156 844 1282 930 eligere,

256 946 302 1002 tot
327 936 467 1014 differre3
498 934 553 1000 vix
577 928 802 1020 pas-singulos
828 954 940 1000 annos·
957 935 1147 1003 offensiones
1178 940 1281 1012 vitari,

255 1031 399 1112 quamvis
420 1028 580 1114 repulsam
596 1027 771 1113 propinqua
784 1049 866 1114 spes
889 1029 1020 1094 soletur:
1043 1040 1195 1113 quantum
1216 1031 1281 1097 odii

255 1123 322 1188 sore
340 1122 381 1188 ab
398 1123 436 1188 iis
454 1122 509 1206 qui
526 1121 607 1186 ultra
623 1121 870 1204 quinquennium
886 1122 1089 1208 proicianturl
1107 1124 1191 1189 unde
1208 1147 1282 1210 pro-

255 1216 334 1302 spici
350 1238 444 1302 posse
462 1237 543 1300 quae
565 1215 678 1298 cuique
695 1225 760 1279 tam
776 1214 872 1301 longo
890 1217 1038 1301 temporis
1061 1217 1161 1302 spatio
1178 1241 1280 1296 mens,

254 1310 381 1387 domus,
399 1292 544 1374 lectuna?
562 1307 722 1392 superbire
739 1307 882 1374 homines
900 1309 993 1375 etiam
1011 1332 1116 1374 annua
1133 1310 1281 1397 designa-

254 1404 350 1468 tione:
373 1403 449 1486 quid
467 1403 494 1467 si
510 1401 661 1466 honorem
682 1423 740 1486 per
760 1403 1006 1491 quinquennium
1028 1403 1167 1489 agitent?
1187 1406 1278 1488 quin-

253 1497 416 1582 quiplicari
437 1517 565 1582 prorsus
588 1496 803 1581 magistratus,
831 1495 972 1563 subverti
993 1497 1095 1584 leges,
1117 1520 1198 1582 quae
1220 1523 1281 1566 sua

254 1590 355 1675 spatia
372 1589 562 1655 exercendae
580 1589 814 1654 candidatorum
836 1590 1007 1655 industriae
1028 1592 1279 1681 quaerendisque

252 1694 307 1749 aut
327 1683 486 1768 potiundis
507 1682 678 1748 honoribus
701 1683 873 1748 statuerint.
900 1683 1065 1750 favorabili
1086 1685 1277 1771 inspeciem

252 1779 391 1843 oratione
409 1778 473 1842 vim
490 1777 612 1863 imperii
629 1777 736 1842 tenuit.

202 1897 234 1944 3⁷
318 1871 505 1955 Censusque
531 1872 726 1954 quorundam
752 1881 931 1936 senatorum
956 1873 1049 1950 iuvit3
1080 1895 1143 1957 quo
1173 1874 1277 1960 magis

251 1967 365 2031 mirum
382 1965 443 2030 fuit
460 1966 545 2049 quod
561 1986 669 2050 preces
687 1964 790 2030 Marci
807 1965 941 2044 Hortali,
960 1964 1074 2031 nobilis
1091 1967 1225 2044 iuvenis,
1243 1968 1278 2032 in

250 2068 433 2146 paupertate
446 2058 613 2127 manifesta
627 2058 791 2145 superbius
808 2059 994 2144 accepisset:
1012 2081 1111 2144 nepos
1123 2069 1191 2124 erat
1208 2082 1278 2125 ora-

251 2155 326 2220 toris
339 2153 511 2231 Hortensii,
531 2152 662 2218 inlectus
681 2176 700 2218 a
717 2153 789 2218 divo
801 2152 952 2240 Augusto
969 2153 1155 2219 liberalitate
1171 2154 1276 2219 decies

251 2249 385 2314 sestertii
407 2249 685 2324 ducere'nxorem,
710 2247 868 2332 suscipere
889 2247 1019 2325 liberos,
1041 2269 1081 2312 ne
1103 2247 1278 2313 clarissima

249 2342 369 2407 familia
386 2342 633 2427 extingueretur3
651 2340 748 2426 igitur
764 2351 911 2423 quattuor
926 2341 998 2406 filiis
1017 2350 1090 2424 ante
1106 2341 1203 2405 limen
1221 2363 1277 2405 cu-

248 2435 313 2500 riae
332 2435 541 2513 adstantibus,
563 2435 633 2499 loco
656 2434 841 2512 sententiae,
860 2456 932 2499 cnm
953 2435 987 2499 in
1008 2434 1123 2519 palatio
1146 2443 1274 2498 senatus

248 2528 424 2608 haberetur,
441 2529 535 2594 modo
551 2528 715 2593 Hortensii
731 2528 812 2593 inter
829 2537 965 2594 oratores
984 2529 1075 2593 sitam
1092 2528 1274 2613 imaginem,

247 2624 343 2688 modo
363 2622 504 2709 Augusti
529 2623 653 2687 intuens
676 2621 823 2686 adhunc
848 2623 977 2687 modum
1003 2622 1120 2706 coepit:
1149 2631 1273 2706 „patres

249 2717 429 2800 conscripti,
456 2715 528 2792 hos,
555 2736 688 2798 quorum
714 2737 880 2781 numerum
906 2725 937 2781 et
957 2715 1122 2801 pueritiam
1148 2715 1272 2790 videtis,

248 2831 312 2873 non
338 2813 448 2893 sponte
475 2808 602 2885 sustuli,
635 2808 691 2873 sed
716 2809 790 2892 quia
814 2810 960 2895 princeps
987 2808 1153 2886 monebatr
1180 2809 1273 2874 simul

247 2903 381 2967 maiores
402 2896 465 2966 snei
486 2911 663 2966 meruerant
684 2911 719 2966 ut
739 2912 882 2989 posteros
908 2903 1073 2990 haberent3
1099 2926 1173 2969 nam
1200 2924 1296 2988 ego„

247 2997 301 3081 qui
317 3019 381 3061 non
397 2995 577 3081 pecuniam,
599 3018 663 3061 non
680 2997 784 3062 studia
804 2998 913 3083 populi
930 3019 1032 3081 neque
1050 2997 1269 3080 eloquentiam,

246 3091 361 3177 gentile
384 3092 496 3155 domus
518 3099 643 3156 nostrae
665 3091 797 3168 bonum,
824 3091 973 3156 varietate
995 3101 1170 3176 temporum
1188 3091 1270 3155 aeci-

245 3206 319 3269 pere
340 3185 391 3249 vel
412 3206 522 3269 parare
543 3184 731 3269 potuissem,
759 3184 834 3249 satis
857 3184 1013 3249 habebam
1036 3184 1064 3249 si
1087 3194 1197 3249 tenues
1218 3207 1269 3249 res

206 3342 216 3355 ρ
245 3300 334 3343 meae
355 3301 414 3343 neo
434 3278 512 3342 mihi
533 3276 645 3362 pudori
666 3300 724 3342 nee
750 3279 896 3361 cuiquam
918 3279 1004 3343 oneri
1021 3278 1136 3342 forent:
1163 3277 1269 3342 iussus

245 3373 285 3438 ab
311 3374 496 3459 imperatore
521 3395 652 3438 uxorem
678 3373 767 3438 duxi:
794 3395 834 3438 en
860 3374 954 3458 stirps
981 3382 1012 3438 et
1036 3371 1202 3458 progenies
1225 3381 1271 3436 tot

245 3468 423 3547 consulum,
443 3478 488 3534 tot
505 3469 705 3545 dictatorum3
728 3489 786 3532 nec
803 3468 844 3531 ad
860 3467 1011 3532 invidiam
1027 3467 1103 3542 ista,
1122 3467 1179 3530 sed
1197 3488 1271 3531 con-

244 3562 396 3626 ciliandae
426 3562 656 3627 misericordiae
686 3561 796 3625 refero.
832 3560 1043 3645 adsequentur
1072 3559 1202 3624 florente
1228 3568 1268 3636 te,

245 3654 379 3734 Caesar,
402 3679 481 3740 quos
504 3656 628 3721 dederis
645 3654 795 3720 honores:
817 3655 940 3720 interim
959 3654 999 3736 Q.
1018 3653 1182 3718 Hortensii
1198 3675 1271 3739 pro·

243 3759 387 3834 nepotes,
406 3751 470 3814 divi
487 3750 628 3838 Augusti
645 3750 786 3813 alumnos
804 3748 844 3814 ab
862 3749 968 3834 inopia
984 3747 1148 3813 defende.“

193 3863 226 3910 38
307 3843 472 3909 Inclinatio
487 3855 614 3910 senatus
627 3842 861 3908 incitamentum
875 3843 1002 3909 Tiberio
1015 3841 1075 3906 fuit
1087 3863 1151 3925 quo
1163 3863 1269 3926 prom·

243 3937 327 4021 ptius
349 3938 579 4016 adversaretur,
607 3939 656 4003 his
679 3938 777 4002 ferme
794 3938 899 4003 verbis
922 3961 1013 4004 usus:
1042 3937 1090 4016 „si
1115 3943 1268 4019 quantum

242 4052 415 4114 pauperum
436 4041 485 4096 est
507 4034 611 4098 venire
632 4032 695 4098 huc
717 4042 748 4096 et
768 4031 874 4097 liberis
898 4033 963 4097 suis
985 4039 1092 4116 petere
1115 4028 1266 4115 pecunias

243 4125 413 4210 coeperint,
446 4126 560 4212 singuli
586 4149 757 4211 numquam
782 4127 1031 4204 exsatiabuntnr,
1062 4147 1113 4190 res
1139 4123 1268 4210 publica
