2760 4874
182 454 267 501 XXII
465 457 504 498 DE
523 455 659 499 CORNELII
675 455 773 517 raom
789 455 858 498 VITA
875 455 993 498 musmo

183 568 410 624 continebantur.
439 565 496 622 Sed
509 564 661 621 Annalium
678 565 719 619 in·
738 565 866 636 quintum
878 566 945 621 libri
957 582 1059 621 novem
1072 566 1125 621 toti
1139 584 1221 622 -cu
1235 573 1277 622 ta-

183 637 364 706 scriptionem
377 636 451 690 hanc
464 651 560 690 veram
570 652 633 690 esse
642 640 719 689 recte
737 651 802 689 men
812 651 886 705 quae
896 640 1061 705 supersunt,
1077 636 1277 705 satisdemon-

181 711 251 775 puto
263 705 409 759 credemus
422 703 478 773 ipsi
488 703 599 772 Tacito,
636 702 664 756 ni
673 720 720 756 aa·
738 709 832 758 strant
845 719 901 773 quo
913 703 1032 757 consilio
1043 709 1206 775 quantaque
1216 710 1278 760 arte

180 777 255 828 acles
263 783 367 826 rroatros
376 772 446 825 dixit
454 769 528 825 Ann.
538 772 589 838 IV,
600 720 647 825 3³·
666 788 720 825 nec
738 771 857 825 Tacitus
883 788 929 826 res
950 773 1095 826 Romanae
1120 771 1279 828 tradiderit.

175 840 273 897 ninus
284 842 359 896 clare
370 840 418 895 lib.
427 840 481 907 111,
496 839 530 894 65
539 846 568 894 ct
576 840 626 894 lib.
635 809 719 908 iiiii,
737 836 904 913 Acprimum
911 840 1024 911 quidem
1035 841 1111 911 quod
1121 840 1178 893 duo
1189 857 1279 910 opera

180 909 214 963 31
237 909 356 964 annales
380 925 410 963 se
434 907 558 962 scribere
584 913 719 988 testatori
738 907 1279 1030 diversistemporibusseperatimedita

182 977 449 1032 acceditlornandis
459 976 660 1046 testimonium,
671 993 719 1047 qur
738 976 856 1031 diversis
870 976 955 1032 etiam
968 976 1075 1031 nomini
1097 993 1130 1030 us
1149 977 1278 1046 appella·

136 1064 141 1073 ·
183 1046 218 1100 de
231 1046 290 1101 reb.
306 1046 371 1102 Get
384 1062 409 1099 c.
419 1046 444 1099 2.
459 1044 620 1099 Cornelium
633 1061 719 1098 anna·
737 1045 791 1114 vit,
813 1060 872 1098 non
890 1044 1003 1099 videtur
1019 1045 1084 1100 ideo
1102 1044 1222 1113 factum,
1246 1051 1279 1100 ut

181 1113 249 1167 lium
272 1114 439 1184 scriptorem
459 1115 600 1183 appellat;
626 1129 719 1183 neque
738 1112 1006 1168 diversashistoriae
1017 1113 1183 1167 scribendae
1192 1113 1278 1168 ratio-

181 1181 720 1237 tamenestcurfalsacredamusverba
737 1198 789 1236 nes
808 1198 839 1236 se
857 1187 986 1236 secutum
1004 1198 1067 1237 esse
1086 1181 1109 1234 si
1132 1179 1278 1250 nificaret;

182 1266 255 1330 qnae
270 1249 477 1305 vetustissimus
492 1250 555 1303 cod.
565 1247 719 1304 Corbeien·
737 1267 773 1304 ac
785 1250 917 1304 videntur
930 1249 998 1303 mihi
1011 1249 1090 1303 nimii
1117 1249 1191 1304 uisse
1206 1266 1277 1304 non-

182 1335 221 1372 srs
239 1317 339 1372 habet:
360 1319 394 1372 oh
410 1335 515 1371 acesco
528 1319 583 1370 diui
593 1318 720 1397 Aspona
737 1318 808 1372 nulli
817 1317 847 1371 in
855 1317 1078 1387 indagandisiis,
1086 1334 1158 1399 quae
1168 1319 1277 1372 vellent

182 1402 255 1456 quae
268 1386 318 1440 ille
331 1386 419 1440 verba
433 1385 474 1439 ita
488 1401 551 1439 curn
564 1385 660 1454 primis
674 1401 719 1440 cu·
738 1386 850 1440 diversa
863 1386 953 1440 videri
966 1385 995 1439 in
1008 1385 1104 1440 Taciti
1116 1385 1278 1440 Annalibus

181 1453 282 1523 iusque
306 1453 371 1506 libri
389 1453 482 1507 verbis
503 1453 661 1520 coniunxit,
687 1458 720 1506 ut
738 1459 768 1509 et
780 1453 923 1508 Historiis.
949 1453 1071 1509 Romani
1089 1454 1162 1508 enim
1182 1471 1278 1535 quam·

183 1537 200 1575 a
221 1527 321 1600 pareat
329 1521 474 1575 librarium
483 1527 549 1576 ante
559 1520 720 1575 haecinitia
759 1539 823 1576 uam
836 1523 951 1576 nomina
960 1523 1011 1576 illa
1020 1539 1105 1591 saepe
1114 1539 1277 1592 promiscue

182 1538 231 1643 aiii
241 1588 327 1643 inscri
347 1588 417 1643 tioni
428 1590 548 1658 spatium
560 1589 719 1660 reliquisse,
738 1539 773 1644 ge
784 1590 860 1644 omni
868 1607 961 1645 rerum
966 1591 1278 1661 gestarumnarratione

183 1672 267 1727 quarn
288 1607 418 1727 refipse
445 1656 592 1726 operosius
619 1663 721 1726 postea
739 1658 882 1728 dixerunt,
898 1658 921 1712 si
934 1663 1030 1713 tamen
1043 1659 1193 1714 discrimen
1202 1657 1278 1714 face·

181 1725 262 1795 pingi
280 1726 377 1793 vellet,
399 1723 446 1780 vel
464 1742 548 1795 quam
565 1724 636 1779 alius
654 1731 720 1781 ante
738 1732 815 1796 rent,
830 1724 958 1782 Annales
971 1733 1022 1780 aut
1034 1744 1084 1782 eos
1098 1727 1187 1781 libros
1202 1727 1278 1782 dixe·

183 1809 247 1846 eum
261 1793 393 1848 librarius
408 1794 509 1848 eodem
523 1793 642 1848 consilio
654 1793 719 1847 omi·
738 1801 816 1864 runt,
840 1795 869 1849 in
893 1795 995 1866 quibus
1017 1811 1111 1849 rerum
1133 1801 1278 1865 gestarum

184 1860 281 1929 sisset3
300 1861 720 1932 quamobremvcrisimillimnm
739 1869 866 1917 nontam
876 1870 979 1918 natura
988 1880 1022 1918 ac
1032 1880 1099 1919 vera
1107 1864 1180 1918 ratio
1192 1881 1278 1934 quam

184 1934 228 1982 est
237 1930 368 1984 Tacitum
381 1929 474 1999 ipsum
487 1930 529 1984 ita
541 1935 573 1983 ut
585 1947 638 1984 nos
653 1929 720 1983 feci·
739 1932 808 1986 ordo
819 1948 853 1985 ac
864 1931 951 1986 series
960 1931 1156 2002 explicaretur,
1166 1937 1199 1985 ut
1209 1932 1278 2003 quid

183 2014 244 2050 mus
258 1997 437 2067 inscripsisse
446 1999 563 2051 Annales
574 1999 720 2052 ohezcesso
739 2016 851 2071 quoque
861 2016 935 2054 anno
942 2007 1052 2070 gestum
1062 2006 1139 2054 esset
1148 2000 1277 2070 sciretur,

182 2067 236 2118 dici
255 2068 407 2135 Aspasiae
444 2065 599 2137 Utriusque
626 2065 720 2136 operis
739 2073 788 2123 aut
801 2084 865 2137 eos,
877 2067 908 2121 in
921 2068 1023 2139 quibus
1038 2067 1233 2138 quovismodo
1244 2085 1279 2124 ea

184 2150 352 2204 quamquam
374 2150 491 2204 magnas
514 2139 610 2203 partes
629 2133 720 2188 amisi·
739 2143 867 2204 tempora
886 2142 1094 2205 enumerentur,
1118 2153 1191 2207 qnae
1215 2135 1278 2206 ipse

182 2203 400 2256 mus-desunt
409 2200 639 2256 enimAnnalium
648 2201 721 2256 liber
740 2205 861 2273 scriptor
878 2221 937 2259 non
954 2204 1086 2272 vidisset3
1113 2204 1277 2276 pariterque

183 2271 298 2350 quintus
320 2286 412 2350 paene
429 2275 507 2324 totus
525 2270 653 2391 sentique
670 2269 720 2323 ini-
739 2272 872 2326 historias
882 2278 933 2327 aut
942 2272 1002 2327 sius
1012 2273 1221 2344 essedixerunt,
1228 2273 1278 2344 qui

182 2344 250 2390 trum
284 2339 387 2393 deinde
406 2338 472 2392 libri
489 2337 543 2391 toti
556 2338 597 2393 VI
618 2338 720 2407 ,V111‚
740 2341 775 2395 de
794 2340 851 2394 suis
869 2340 1044 2410 temporibus
1058 2340 1209 2411 scriberet,
1229 2347 1279 2396 aut

182 2405 238 2473 IX,
253 2379 294 2473 ii,
329 2411 458 2462 raeterea
471 2405 537 2459 libri
545 2405 589 2460 XI
602 2405 720 2486 initipm,
740 2408 800 2463 cius
823 2408 872 2478 qui
895 2408 930 2463 de
953 2424 1123 2479 quocunque
1149 2414 1277 2489 tempore

182 2474 248 2528 libri
261 2474 290 2528 X
317 2473 428 2543 ifinis,
448 2474 637 2528 Historiarum
655 2475 721 2527 libri
740 2477 868 2531 scribens
886 2482 975 2530 artem
992 2475 1143 2531 adhiberet
1159 2483 1189 2532 et
1205 2478 1278 2531 rudi·
1336 2511 1338 2514 -

183 2543 275 2613 quinti
292 2560 359 2612 pars
376 2543 465 2596 maior
483 2548 512 2596 et
534 2541 635 2614 reliqui
657 2549 722 2612 post
740 2545 851 2599 cismar
876 2543 919 2598 Ac
929 2545 1060 2598 'Faciturn
1070 2545 1193 2616 quidem,
1209 2562 1276 2616 qno-

739 2613 815 2666 niam
828 2611 955 2667 Annales
968 2612 1098 2693 proiecto
1112 2629 1171 2667 non
1184 2615 1277 2694 ponti·

208 2716 233 2753 ot
251 2714 393 2763 Nipperdelns
406 2716 473 2754 nimia
487 2715 567 2754 codicls
581 2715 721 2764 praestantis·
739 2681 822 2734 ficum
836 2686 1147 2736 antvetustfflfflmorum
1158 2687 1276 2762 sfmpw'

183 2766 232 2805 simi
241 2765 502 2806 venerationeinnotiam
511 2776 590 2805 nomen
600 2766 720 2804 addendum
739 2767 800 2802 rum
810 2750 937 2818 exemplo
953 2748 1206 2818 conficerevolu1t‚
1220 2768 1277 2805 mli-

183 2827 227 2856 non
237 2818 334 2878 censuitq
346 2827 416 2866 noque
425 2827 481 2865 nego
492 2827 652 2865 nonnumquam
661 2820 721 2856 rete·
740 2816 873 2870 nifegtum
892 2823 936 2870 est
948 2817 1091 2872 Historias
1110 2818 1146 2872 de
1163 2834 1277 2872 suorum

182 2877 217 2908 res
226 2868 266 2906 hac
275 2867 381 2907 brevitate
391 2878 440 2930 usos
450 2871 535 2915 esseut
544 2868 721 2917 ipsnmlibrcrum
739 2890 896 2953 temporum
905 2885 1040 2940 memoria
1050 2885 1154 2940 dixisse
1179 2885 1276 2941 Anna·

184 2928 297 2958 commune
306 2929 385 2958 nomen
395 2922 526 2967 omitterent,
536 2919 630 2958 nominis
638 2919 721 2958 addita-
1157 2927 1164 2955 r

100 2957 103 2961 ’
129 2999 136 3014 .
183 2973 279 3009 mentum
288 2970 374 3018 aliquod
383 2973 495 3019 ponerent,
505 2971 567 3019 quolc
576 2970 630 3009 illud
638 2968 720 3011 estrob
739 2953 781 3007 198
804 2953 840 3007 de
861 2951 1000 3022 priorum
1032 2953 1168 3009 materiae
1190 2954 1278 3026 igitur

184 3031 274 3061 accersa
284 3020 327 3060 diui
339 3021 440 3072 Ariprrstir
456 3023 548 3061 sermoni
558 3022 580 3060 id
589 3023 692 3060 convenit
700 3025 722 3060 ct
740 3020 946 3089 diversitatem,
974 3037 1032 3075 non
1058 3022 1198 3076 diversam
1220 3029 1277 3077 tra.

183 3072 722 3174 ffiqppiqqqptucqqqqqupqhqiqqrqnow,
741 3090 862 3144 utendae
876 3088 1011 3143 materiae
1024 3090 1163 3144 rationem
1170 3090 1278 3146 indica-

184 3175 231 3221 bat,
246 3174 366 3222 longiorum
380 3177 545 3224 inscriptionum
557 3176 678 3214 molestiam
689 3175 721 3214 iu·
739 3158 788 3226 vit,
796 3159 1110 3228 quamquamquaedam
1116 3158 1278 3213 discrimina

183 3226 282 3274 glebantr
297 3237 338 3265 nco
347 3226 445 3288 'Plinium
458 3228 524 3266 miror
537 3227 608 3266 eidem
621 3226 722 3265 brevitati
740 3227 785 3280 vel
795 3243 829 3280 0¹
838 3225 900 3296 ipsa
910 3226 1026 3279 materia
1031 3227 1077 3280 vel
1086 3232 1170 3281 aucta
1179 3233 1277 3282 aucto.

184 3277 302 3324 studuisse,
317 3278 353 3316 nbi
363 3279 440 3317 indicis
449 3288 473 3318 se
483 3278 578 3327 partibus
587 3278 648 3326 iungi
657 3277 721 3325 dicit3

181 3329 203 3368 is
211 3329 277 3376 igitur
286 3338 320 3377 ep.
329 3329 355 3375 V.
370 3330 389 3377 3,
404 3331 416 3369 6
429 3330 530 3368 avunculi
538 3329 605 3368 libros
619 3331 650 3368 sic
664 3339 722 3368 com·
739 3295 778 3347 ris
792 3300 887 3349 aetate
901 3300 987 3373 atque
1001 3311 1055 3347 usu
1068 3295 1148 3348 nasci
1161 3312 1215 3364 par
1224 3302 1277 3350 est·

183 3378 469 3439 memoratzliiliueiiufidii
478 3379 543 3438 Bassi
553 3379 645 3431 triptota
659 3390 721 3420 irritis.
741 3361 871 3417 Ceterum
897 3361 963 3415 huie
987 3361 1167 3416 historiarum
1190 3369 1277 3434 atque

183 3431 630 3522 nutriroplqstqnarumrmptntqsepttqm.
649 3441 722 3494 quam·
740 3431 883 3484 annalium
914 3430 1067 3483 discrimini
1099 3429 1218 3485 Tacitus
1248 3432 1278 3485 in

184 3493 247 3530 quam
275 3493 402 3524 mortorum
417 3493 516 3522 nornenr
532 3492 583 3521 coc
602 3493 636 3521 am
654 3493 722 3530 magis
762 3499 768 3510 ·
814 3498 820 3510 ·
1047 3498 1053 3511 ·

183 3534 206 3572 ln
220 3534 291 3583 priore
304 3544 369 3582 opero
382 3535 453 3573 omitti
466 3535 537 3584 potnit
550 3535 600 3582 qnia
613 3535 686 3573 statim
699 3534 722 3572 in
741 3499 937 3578 distribuenda
954 3505 1073 3578 materia
1092 3515 1150 3553 non
1167 3504 1277 3553 tantum

184 3585 251 3624 altero
269 3585 389 3625 addendum
408 3589 464 3630 erat:
487 3586 534 3634 ipse
552 3585 638 3633 quidem
655 3585 723 3623 muior
740 3567 839 3639 tribillt
849 3571 985 3636 quantum
994 3584 1050 3635 lpsl
1057 3584 1150 3621 rerum
1159 3573 1278 3623 naturae

183 3636 266 3675 Plinius
275 3637 298 3675 in
306 3639 374 3687 praei.
384 3648 406 3676 n.
415 3638 437 3677 h.
448 3636 533 3686 plenius
541 3637 593 3676 dicit
603 3641 722 3694 temporam
741 3651 849 3705 guoque
872 3635 908 3688 de
929 3634 1016 3688 rebus
1038 3634 1158 3704 iud10103
1184 3653 1278 3706 neque

184 3691 306 3727 nostrorum
329 3688 444 3729 historiam
463 3699 476 3729 o
494 3685 535 3738 fine
553 3685 632 3738 Aufidii
650 3686 721 3728 Bassa.

184 3738 278 3786 itemque
296 3740 366 3778 minor
378 3739 461 3778 Plinius
479 3739 536 3778 idem
550 3749 604 3788 opus
617 3737 723 3779 historiar

745 3741 908 3752 ——-.

184 3791 272 3828 vocavit
282 3800 316 3838 cp.
322 3791 349 3836 V,
359 3792 378 3838 8,
389 3792 409 3829 t.
428 3791 469 3830 Sed
479 3791 538 3829 iilam
547 3790 674 3829 brevitatem
684 3790 723 3829 vix
766 3791 791 3830 oe
808 3789 861 3838 Agit
873 3789 899 3828 de
912 3789 953 3830 hac
966 3800 989 3830 re
1002 3791 1098 3840 pluribus
1109 3790 1164 3831 Geli.
1174 3791 1201 3840 V,
1216 3802 1235 3832 c.
1245 3794 1278 3832 18.
1346 3776 1348 3782 ¹

185 3840 311 3879 crediderim
320 3842 378 3890 ipsos
387 3842 488 3880 librorum
497 3845 596 3880 auctores
605 3842 647 3881 sibi
656 3843 678 3881 in
686 3841 723 3881 so·
741 3841 768 3881 ci.
779 3843 839 3882 Serv.
850 3841 876 3880 ud
882 3842 941 3891 virg.
946 3842 1025 3891 Aeni,
1036 3845 1081 3882 378.
1096 3842 1153 3884 iuter
1161 3842 1279 3884 historiam

185 3891 251 3929 lemni
260 3891 400 3940 inscriptione
409 3893 545 3941 permisisse;
555 3894 615 3932 cuius
624 3894 656 3933 roi
666 3893 723 3941 quod
741 3898 761 3933 et
771 3892 860 3934 ariarates
873 3893 912 3933 loo
926 3894 1030 3933 interest:
1048 3893 1143 3934 historia
1157 3900 1190 3934 cst
1205 3905 1279 3935 eorum

184 3953 251 3980 unum
264 3953 322 3980 nunc
335 3942 438 3982 habemus
452 3944 587 3992 exemplum,
605 3955 682 3983 uereor
695 3954 723 3982 ne
741 3950 868 3996 temporam.
878 3955 931 3996 qliae
939 3943 971 3984 vel
980 3944 1074 3985 uidimus
1083 3944 1116 3985 oct
1126 3944 1279 3996 oiderupotai-

185 3994 263 4032 falsum
276 3993 315 4038 sit;
330 3993 388 4032 Livii
404 3995 462 4032 enlm
475 3994 541 4034 libros
556 4005 625 4044 nuper
634 3995 659 4035 ob
671 3995 723 4034 urbe
741 4006 797 4042 mlta,
811 3995 871 4036 dicio
885 3988 932 4034 ἀπὸ
945 3995 987 4035 τοῦ
998 3993 1104 4053 ἱστορεῖν,
1120 3995 1143 4036 iu
1152 4002 1184 4037 ost
1195 3997 1278 4037 uidere.

185 4043 273 4085 condito
294 4045 410 4088 inscribere
432 4049 560 4092 coeperuntr
587 4048 609 4085 in
625 4047 722 4085 Tacitum
741 4044 1279 4098 nnaulcaocrosanteoramtempornmomrorum·

186 4099 243 4134 certe
256 4105 283 4134 ne
298 4096 387 4134 earrdem
400 4096 559 4143 neglegentium
572 4097 647 4136 cadere
661 4100 722 4145 pute·
740 4107 788 4149 quc,
801 4108 855 4149 qaae
868 4103 930 4138 orias
943 4104 1017 4138 nostra
1031 4109 1072 4139 noa
1086 4098 1153 4139 nouit.
1176 4098 1232 4140 trado
1242 4097 1280 4138 tr·

185 4157 244 4193 mus,
263 4148 309 4196 ipso
323 4149 387 4187 ctiam
401 4146 448 4186 cod.
464 4145 549 4187 Corboi.
564 4148 676 4197 prohibere
691 4149 722 4186 ri·
741 4149 789 4188 otas
802 4148 954 4189 coronalibus
968 4155 988 4190 ct
1002 4148 1096 4191 historio
1109 4154 1203 4192 coastat.
1226 4148 1278 4192 dcco

186 4198 254 4237 detur.
742 4198 1090 4250 tomrncousanrlunturlicenter.
