<?xml version="1.0" encoding="UTF-8"?>
<!DOCTYPE html PUBLIC "-//W3C//DTD XHTML 1.0 Transitional//EN"
    "http://www.w3.org/TR/xhtml1/DTD/xhtml1-transitional.dtd">
<html xmlns="http://www.w3.org/1999/xhtml" xml:lang="en" lang="en">
 <head>
  <title>
</title>
<meta http-equiv="Content-Type" content="text/html;charset=utf-8" />
  <meta name='ocr-system' content='tesseract 3.04.00' />
  <meta name='ocr-capabilities' content='ocr_page ocr_carea ocr_par ocr_line ocrx_word'/>
</head>
<body>
  <div class='ocr_page' id='page_1' title='image "./corneliitacitio01haasgoog_0333.png"; bbox 0 0 3040 5046; ppageno 0'>
   <div class='ocr_carea' id='block_1_1' title="bbox 317 448 993 519">
    <p class='ocr_par' dir='ltr' id='par_1_1' title="bbox 317 448 993 519">
     <span class='ocr_line' id='line_1_1' title="bbox 317 448 993 519; baseline 0.001 -4"><span class='ocrx_word' id='word_1_1' title='bbox 317 448 380 518; x_wconf 83' lang='grc'><strong>256</strong></span> <span class='ocrx_word' id='word_1_2' title='bbox 667 460 851 519; x_wconf 77' lang='lat' dir='ltr'><strong>conaunu</strong></span> <span class='ocrx_word' id='word_1_3' title='bbox 864 458 993 516; x_wconf 80' lang='lat' dir='ltr'><strong>racrrr</strong></span> 
     </span>
    </p>
   </div>
   <div class='ocr_carea' id='block_1_2' title="bbox 314 553 1341 706">
    <p class='ocr_par' dir='ltr' id='par_1_2' title="bbox 314 553 1341 706">
     <span class='ocr_line' id='line_1_2' title="bbox 1232 553 1340 592; baseline 0 -2"><span class='ocrx_word' id='word_1_4' title='bbox 1232 561 1252 590; x_wconf 77' lang='lat' dir='ltr'><strong>a.</strong></span> <span class='ocrx_word' id='word_1_5' title='bbox 1263 561 1283 590; x_wconf 90' lang='lat' dir='ltr'><strong>u.</strong></span> <span class='ocrx_word' id='word_1_6' title='bbox 1294 553 1340 592; x_wconf 77' lang='lat'>812.</span> 
     </span>
     <span class='ocr_line' id='line_1_3' title="bbox 314 617 1341 706; baseline -0.002 -22"><span class='ocrx_word' id='word_1_7' title='bbox 314 621 400 686; x_wconf 90' lang='lat' dir='ltr'><strong>mina</strong></span> <span class='ocrx_word' id='word_1_8' title='bbox 416 620 579 706; x_wconf 80' lang='lat' dir='ltr'><strong>petivisse,</strong></span> <span class='ocrx_word' id='word_1_9' title='bbox 602 619 826 702; x_wconf 87' lang='lat' dir='ltr'><strong>inmissamque</strong></span> <span class='ocrx_word' id='word_1_10' title='bbox 843 617 948 683; x_wconf 88' lang='lat' dir='ltr'><strong>Acten</strong></span> <span class='ocrx_word' id='word_1_11' title='bbox 970 617 1126 695; x_wconf 81' lang='lat' dir='ltr'><strong>libertam,</strong></span> <span class='ocrx_word' id='word_1_12' title='bbox 1150 640 1229 702; x_wconf 90' lang='lat' dir='ltr'><strong>quae</strong></span> <span class='ocrx_word' id='word_1_13' title='bbox 1248 619 1341 683; x_wconf 92' lang='lat' dir='ltr'><strong>simul</strong></span> 
     </span>
    </p>
   </div>
   <div class='ocr_carea' id='block_1_3' title="bbox 280 714 1344 4278">
    <p class='ocr_par' dir='ltr' id='par_1_3' title="bbox 313 714 1342 1176">
     <span class='ocr_line' id='line_1_4' title="bbox 316 714 1342 802; baseline -0.002 -22"><span class='ocrx_word' id='word_1_14' title='bbox 316 737 373 780; x_wconf 93' lang='lat' dir='ltr'><strong>suo</strong></span> <span class='ocrx_word' id='word_1_15' title='bbox 390 715 528 802; x_wconf 89' lang='lat' dir='ltr'><strong>periculo</strong></span> <span class='ocrx_word' id='word_1_16' title='bbox 551 725 582 780; x_wconf 91' lang='lat' dir='ltr'><strong>et</strong></span> <span class='ocrx_word' id='word_1_17' title='bbox 602 714 732 780; x_wconf 83' lang='lat' dir='ltr'><strong>infamia</strong></span> <span class='ocrx_word' id='word_1_18' title='bbox 748 715 882 780; x_wconf 88' lang='lat' dir='ltr'><strong>Neronis</strong></span> <span class='ocrx_word' id='word_1_19' title='bbox 905 714 998 778; x_wconf 82' lang='lat' dir='ltr'><strong>anxia</strong></span> <span class='ocrx_word' id='word_1_20' title='bbox 1020 715 1155 778; x_wconf 87' lang='lat' dir='ltr'><strong>deferret</strong></span> <span class='ocrx_word' id='word_1_21' title='bbox 1175 715 1342 801; x_wconf 88' lang='lat' dir='ltr'><strong>pervulga-</strong></span> 
     </span>
     <span class='ocr_line' id='line_1_5' title="bbox 314 809 1341 896; baseline -0.002 -22"><span class='ocrx_word' id='word_1_22' title='bbox 314 819 381 874; x_wconf 88' lang='lat' dir='ltr'><strong>tum</strong></span> <span class='ocrx_word' id='word_1_23' title='bbox 399 832 469 876; x_wconf 90' lang='lat' dir='ltr'><strong>esse</strong></span> <span class='ocrx_word' id='word_1_24' title='bbox 486 810 640 875; x_wconf 91' lang='lat' dir='ltr'><strong>incestum</strong></span> <span class='ocrx_word' id='word_1_25' title='bbox 654 809 806 896; x_wconf 82' lang='lat' dir='ltr'><strong>gloriante</strong></span> <span class='ocrx_word' id='word_1_26' title='bbox 824 817 931 885; x_wconf 89' lang='lat' dir='ltr'><strong>matre,</strong></span> <span class='ocrx_word' id='word_1_27' title='bbox 950 830 1009 872; x_wconf 92' lang='lat' dir='ltr'><strong>nec</strong></span> <span class='ocrx_word' id='word_1_28' title='bbox 1026 809 1209 874; x_wconf 83' lang='lat' dir='ltr'><strong>toleraturos</strong></span> <span class='ocrx_word' id='word_1_29' title='bbox 1227 809 1341 872; x_wconf 86' lang='lat' dir='ltr'><strong>milites</strong></span> 
     </span>
     <span class='ocr_line' id='line_1_6' title="bbox 313 901 1342 991; baseline -0.002 -21"><span class='ocrx_word' id='word_1_30' title='bbox 313 904 438 990; x_wconf 77' lang='lat' dir='ltr'><strong>profani</strong></span> <span class='ocrx_word' id='word_1_31' title='bbox 458 904 611 991; x_wconf 86' lang='lat' dir='ltr'><strong>principis</strong></span> <span class='ocrx_word' id='word_1_32' title='bbox 629 904 803 989; x_wconf 86' lang='lat' dir='ltr'><strong>imperium.</strong></span> <span class='ocrx_word' id='word_1_33' title='bbox 830 901 948 969; x_wconf 86' lang='lat' dir='ltr'><strong>Fabius</strong></span> <span class='ocrx_word' id='word_1_34' title='bbox 966 903 1116 968; x_wconf 85' lang='lat' dir='ltr'><strong>Rusticus</strong></span> <span class='ocrx_word' id='word_1_35' title='bbox 1139 927 1202 970; x_wconf 89' lang='lat' dir='ltr'><strong>non</strong></span> <span class='ocrx_word' id='word_1_36' title='bbox 1222 903 1342 990; x_wconf 86' lang='lat' dir='ltr'><strong>Agrip-</strong></span> 
     </span>
     <span class='ocr_line' id='line_1_7' title="bbox 313 997 1342 1085; baseline -0.003 -21"><span class='ocrx_word' id='word_1_37' title='bbox 313 1000 406 1085; x_wconf 88' lang='lat' dir='ltr'><strong>pinae</strong></span> <span class='ocrx_word' id='word_1_38' title='bbox 425 999 482 1064; x_wconf 88' lang='lat' dir='ltr'><strong>sed</strong></span> <span class='ocrx_word' id='word_1_39' title='bbox 493 998 611 1063; x_wconf 89' lang='lat' dir='ltr'><strong>Neroni</strong></span> <span class='ocrx_word' id='word_1_40' title='bbox 624 997 764 1083; x_wconf 91' lang='lat' dir='ltr'><strong>cupitum</strong></span> <span class='ocrx_word' id='word_1_41' title='bbox 781 998 814 1062; x_wconf 94' lang='lat' dir='ltr'><strong>id</strong></span> <span class='ocrx_word' id='word_1_42' title='bbox 831 1006 983 1062; x_wconf 90' lang='lat' dir='ltr'><strong>memorat</strong></span> <span class='ocrx_word' id='word_1_43' title='bbox 996 998 1198 1081; x_wconf 89' lang='lat' dir='ltr'><strong>eiusdemque</strong></span> <span class='ocrx_word' id='word_1_44' title='bbox 1212 997 1342 1062; x_wconf 79' lang='lat' dir='ltr'><strong>libertae</strong></span> 
     </span>
     <span class='ocr_line' id='line_1_8' title="bbox 315 1090 1341 1176; baseline -0.003 -18"><span class='ocrx_word' id='word_1_45' title='bbox 315 1103 385 1158; x_wconf 91' lang='lat' dir='ltr'><strong>astu</strong></span> <span class='ocrx_word' id='word_1_46' title='bbox 407 1093 586 1158; x_wconf 87' lang='lat' dir='ltr'><strong>disiectum:</strong></span> <span class='ocrx_word' id='word_1_47' title='bbox 610 1093 666 1156; x_wconf 87' lang='lat' dir='ltr'><strong>sed</strong></span> <span class='ocrx_word' id='word_1_48' title='bbox 687 1109 768 1176; x_wconf 88' lang='lat' dir='ltr'><strong>quae</strong></span> <span class='ocrx_word' id='word_1_49' title='bbox 793 1090 939 1169; x_wconf 83' lang='lat' dir='ltr'><strong>Cluvius,</strong></span> <span class='ocrx_word' id='word_1_50' title='bbox 967 1091 1078 1156; x_wconf 89' lang='lat' dir='ltr'><strong>eadem</strong></span> <span class='ocrx_word' id='word_1_51' title='bbox 1101 1093 1195 1156; x_wconf 90' lang='lat' dir='ltr'><strong>ceteri</strong></span> <span class='ocrx_word' id='word_1_52' title='bbox 1215 1113 1341 1175; x_wconf 92' lang='lat' dir='ltr'><strong>quoque</strong></span> 
     </span>
    </p>

    <p class='ocr_par' dir='ltr' id='par_1_4' title="bbox 280 1185 1343 1742">
     <span class='ocr_line' id='line_1_9' title="bbox 280 1185 1342 1272; baseline -0.002 -20"><span class='ocrx_word' id='word_1_53' title='bbox 280 1215 282 1219; x_wconf 94' lang='lat'>·</span> <span class='ocrx_word' id='word_1_54' title='bbox 315 1197 458 1252; x_wconf 88' lang='lat' dir='ltr'><strong>auctores</strong></span> <span class='ocrx_word' id='word_1_55' title='bbox 484 1187 662 1272; x_wconf 88' lang='lat' dir='ltr'><strong>prodidere,</strong></span> <span class='ocrx_word' id='word_1_56' title='bbox 690 1195 722 1250; x_wconf 88' lang='lat' dir='ltr'><strong>et</strong></span> <span class='ocrx_word' id='word_1_57' title='bbox 747 1185 833 1250; x_wconf 83' lang='lat' dir='ltr'><strong>fama</strong></span> <span class='ocrx_word' id='word_1_58' title='bbox 858 1185 921 1250; x_wconf 90' lang='lat' dir='ltr'><strong>huc</strong></span> <span class='ocrx_word' id='word_1_59' title='bbox 947 1186 1089 1263; x_wconf 87' lang='lat' dir='ltr'><strong>inclinat,</strong></span> <span class='ocrx_word' id='word_1_60' title='bbox 1117 1209 1173 1251; x_wconf 88' lang='lat' dir='ltr'><strong>seu</strong></span> <span class='ocrx_word' id='word_1_61' title='bbox 1200 1186 1342 1272; x_wconf 84' lang='lat' dir='ltr'><strong>concepit</strong></span> 
     </span>
     <span class='ocr_line' id='line_1_10' title="bbox 314 1278 1342 1366; baseline -0.002 -20"><span class='ocrx_word' id='word_1_62' title='bbox 314 1282 418 1347; x_wconf 90' lang='lat' dir='ltr'><strong>animo</strong></span> <span class='ocrx_word' id='word_1_63' title='bbox 432 1289 551 1348; x_wconf 89' lang='lat' dir='ltr'><strong>tanturn</strong></span> <span class='ocrx_word' id='word_1_64' title='bbox 564 1279 754 1344; x_wconf 84' lang='lat' dir='ltr'><strong>inmanitatis</strong></span> <span class='ocrx_word' id='word_1_65' title='bbox 767 1278 954 1366; x_wconf 86' lang='lat' dir='ltr'><strong>Agrippina,</strong></span> <span class='ocrx_word' id='word_1_66' title='bbox 974 1303 1031 1346; x_wconf 86' lang='lat' dir='ltr'><strong>seu</strong></span> <span class='ocrx_word' id='word_1_67' title='bbox 1048 1280 1224 1345; x_wconf 83' lang='lat' dir='ltr'><strong>credibilior</strong></span> <span class='ocrx_word' id='word_1_68' title='bbox 1240 1302 1342 1344; x_wconf 81' lang='lat' dir='ltr'><strong>novae</strong></span> 
     </span>
     <span class='ocr_line' id='line_1_11' title="bbox 314 1369 1341 1458; baseline -0.002 -19"><span class='ocrx_word' id='word_1_69' title='bbox 314 1374 452 1440; x_wconf 90' lang='lat' dir='ltr'><strong>libidinis</strong></span> <span class='ocrx_word' id='word_1_70' title='bbox 474 1373 633 1440; x_wconf 90' lang='lat' dir='ltr'><strong>meditatio</strong></span> <span class='ocrx_word' id='word_1_71' title='bbox 655 1374 688 1439; x_wconf 92' lang='lat' dir='ltr'><strong>in</strong></span> <span class='ocrx_word' id='word_1_72' title='bbox 710 1397 748 1438; x_wconf 89' lang='lat' dir='ltr'><strong>ea</strong></span> <span class='ocrx_word' id='word_1_73' title='bbox 764 1374 834 1438; x_wconf 86' lang='lat' dir='ltr'><strong>visa</strong></span> <span class='ocrx_word' id='word_1_74' title='bbox 851 1383 911 1451; x_wconf 92' lang='lat' dir='ltr'><strong>est,</strong></span> <span class='ocrx_word' id='word_1_75' title='bbox 936 1395 1016 1457; x_wconf 91' lang='lat' dir='ltr'><strong>quae</strong></span> <span class='ocrx_word' id='word_1_76' title='bbox 1037 1374 1228 1458; x_wconf 83' lang='lat' dir='ltr'><strong>puellaribus</strong></span> <span class='ocrx_word' id='word_1_77' title='bbox 1251 1369 1341 1440; x_wconf 88' lang='lat' dir='ltr'><strong>annis</strong></span> 
     </span>
     <span class='ocr_line' id='line_1_12' title="bbox 315 1467 1343 1554; baseline -0.002 -22"><span class='ocrx_word' id='word_1_78' title='bbox 315 1477 458 1554; x_wconf 87' lang='lat' dir='ltr'><strong>stuprum</strong></span> <span class='ocrx_word' id='word_1_79' title='bbox 475 1490 546 1532; x_wconf 92' lang='lat' dir='ltr'><strong>cum</strong></span> <span class='ocrx_word' id='word_1_80' title='bbox 559 1467 684 1552; x_wconf 89' lang='lat' dir='ltr'><strong>Lepido</strong></span> <span class='ocrx_word' id='word_1_81' title='bbox 703 1490 758 1552; x_wconf 87' lang='lat' dir='ltr'><strong>spe</strong></span> <span class='ocrx_word' id='word_1_82' title='bbox 768 1467 993 1532; x_wconf 78' lang='lat' dir='ltr'><strong>&#39;dominationis</strong></span> <span class='ocrx_word' id='word_1_83' title='bbox 1008 1468 1184 1546; x_wconf 78' lang='lat' dir='ltr'><strong>admiserat,</strong></span> <span class='ocrx_word' id='word_1_84' title='bbox 1203 1467 1270 1553; x_wconf 86' lang='lat' dir='ltr'><strong>pari</strong></span> <span class='ocrx_word' id='word_1_85' title='bbox 1284 1489 1343 1532; x_wconf 90' lang='lat' dir='ltr'><strong>cu-</strong></span> 
     </span>
     <span class='ocr_line' id='line_1_13' title="bbox 313 1559 1343 1647; baseline 0 -22"><span class='ocrx_word' id='word_1_86' title='bbox 313 1561 420 1647; x_wconf 90' lang='lat' dir='ltr'><strong>pidine</strong></span> <span class='ocrx_word' id='word_1_87' title='bbox 442 1583 542 1645; x_wconf 89' lang='lat' dir='ltr'><strong>usque</strong></span> <span class='ocrx_word' id='word_1_88' title='bbox 565 1562 606 1625; x_wconf 90' lang='lat' dir='ltr'><strong>ad</strong></span> <span class='ocrx_word' id='word_1_89' title='bbox 627 1560 715 1625; x_wconf 90' lang='lat' dir='ltr'><strong>libita</strong></span> <span class='ocrx_word' id='word_1_90' title='bbox 731 1559 883 1625; x_wconf 87' lang='lat' dir='ltr'><strong>Pallantis</strong></span> <span class='ocrx_word' id='word_1_91' title='bbox 905 1560 1069 1646; x_wconf 86' lang='lat' dir='ltr'><strong>provoluta</strong></span> <span class='ocrx_word' id='word_1_92' title='bbox 1092 1570 1122 1625; x_wconf 90' lang='lat' dir='ltr'><strong>et</strong></span> <span class='ocrx_word' id='word_1_93' title='bbox 1144 1561 1279 1626; x_wconf 86' lang='lat' dir='ltr'><strong>exercita</strong></span> <span class='ocrx_word' id='word_1_94' title='bbox 1300 1561 1343 1625; x_wconf 90' lang='lat' dir='ltr'><strong>ad</strong></span> 
     </span>
     <span class='ocr_line' id='line_1_14' title="bbox 314 1655 842 1742; baseline 0 -22"><span class='ocrx_word' id='word_1_95' title='bbox 314 1678 407 1720; x_wconf 91' lang='lat' dir='ltr'><strong>omne</strong></span> <span class='ocrx_word' id='word_1_96' title='bbox 423 1656 578 1742; x_wconf 85' lang='lat' dir='ltr'><strong>flagitium</strong></span> <span class='ocrx_word' id='word_1_97' title='bbox 594 1655 698 1740; x_wconf 85' lang='lat' dir='ltr'><strong>patrui</strong></span> <span class='ocrx_word' id='word_1_98' title='bbox 715 1655 842 1740; x_wconf 89' lang='lat' dir='ltr'><strong>nuptiis.</strong></span> 
     </span>
    </p>

    <p class='ocr_par' dir='ltr' id='par_1_5' title="bbox 281 1748 1343 3622">
     <span class='ocr_line' id='line_1_15' title="bbox 281 1748 1342 1837; baseline 0 -23"><span class='ocrx_word' id='word_1_99' title='bbox 281 1767 297 1814; x_wconf 82' lang='lat'><strong>3</strong></span> <span class='ocrx_word' id='word_1_100' title='bbox 379 1749 481 1835; x_wconf 86' lang='lat' dir='ltr'><strong>Igitur</strong></span> <span class='ocrx_word' id='word_1_101' title='bbox 493 1749 577 1814; x_wconf 90' lang='lat' dir='ltr'><strong>Nero</strong></span> <span class='ocrx_word' id='word_1_102' title='bbox 599 1749 848 1822; x_wconf 81' lang='lat' dir='ltr'><strong>ritaresecretos</strong></span> <span class='ocrx_word' id='word_1_103' title='bbox 867 1749 934 1814; x_wconf 89' lang='lat' dir='ltr'><strong>eius</strong></span> <span class='ocrx_word' id='word_1_104' title='bbox 953 1772 1151 1837; x_wconf 85' lang='lat' dir='ltr'><strong>congressus,</strong></span> <span class='ocrx_word' id='word_1_105' title='bbox 1170 1748 1342 1815; x_wconf 90' lang='lat' dir='ltr'><strong>absceden-</strong></span> 
     </span>
     <span class='ocr_line' id='line_1_16' title="bbox 315 1843 1342 1930; baseline 0.002 -24"><span class='ocrx_word' id='word_1_106' title='bbox 315 1852 379 1906; x_wconf 91' lang='lat' dir='ltr'><strong>tem</strong></span> <span class='ocrx_word' id='word_1_107' title='bbox 403 1843 437 1907; x_wconf 91' lang='lat' dir='ltr'><strong>in</strong></span> <span class='ocrx_word' id='word_1_108' title='bbox 461 1843 568 1908; x_wconf 89' lang='lat' dir='ltr'><strong>hortos</strong></span> <span class='ocrx_word' id='word_1_109' title='bbox 595 1852 650 1907; x_wconf 91' lang='lat' dir='ltr'><strong>aut</strong></span> <span class='ocrx_word' id='word_1_110' title='bbox 671 1843 887 1908; x_wconf 83' lang='lat' dir='ltr'><strong>Tusculanum</strong></span> <span class='ocrx_word' id='word_1_111' title='bbox 912 1844 963 1908; x_wconf 92' lang='lat' dir='ltr'><strong>vel</strong></span> <span class='ocrx_word' id='word_1_112' title='bbox 983 1843 1146 1909; x_wconf 85' lang='lat' dir='ltr'><strong>Antiatem</strong></span> <span class='ocrx_word' id='word_1_113' title='bbox 1172 1845 1205 1908; x_wconf 93' lang='lat' dir='ltr'><strong>in</strong></span> <span class='ocrx_word' id='word_1_114' title='bbox 1231 1867 1342 1930; x_wconf 86' lang='lat' dir='ltr'><strong>agrum</strong></span> 
     </span>
     <span class='ocr_line' id='line_1_17' title="bbox 314 1937 1342 2023; baseline -0.001 -22"><span class='ocrx_word' id='word_1_115' title='bbox 314 1937 450 2016; x_wconf 87' lang='lat' dir='ltr'><strong>laudare,</strong></span> <span class='ocrx_word' id='word_1_116' title='bbox 469 1938 555 2022; x_wconf 91' lang='lat' dir='ltr'><strong>quod</strong></span> <span class='ocrx_word' id='word_1_117' title='bbox 572 1937 670 2002; x_wconf 91' lang='lat' dir='ltr'><strong>otium</strong></span> <span class='ocrx_word' id='word_1_118' title='bbox 688 1947 875 2023; x_wconf 81' lang='lat' dir='ltr'><strong>capesseret:</strong></span> <span class='ocrx_word' id='word_1_119' title='bbox 893 1947 1061 2023; x_wconf 91' lang='lat' dir='ltr'><strong>postremo,</strong></span> <span class='ocrx_word' id='word_1_120' title='bbox 1081 1938 1268 2022; x_wconf 92' lang='lat' dir='ltr'><strong>ubicumque</strong></span> <span class='ocrx_word' id='word_1_121' title='bbox 1286 1938 1342 2001; x_wconf 91' lang='lat' dir='ltr'><strong>ha-</strong></span> 
     </span>
     <span class='ocr_line' id='line_1_18' title="bbox 314 2029 1340 2118; baseline 0.001 -23"><span class='ocrx_word' id='word_1_122' title='bbox 314 2029 452 2108; x_wconf 88' lang='lat' dir='ltr'><strong>beretur,</strong></span> <span class='ocrx_word' id='word_1_123' title='bbox 470 2053 675 2118; x_wconf 84' lang='lat' dir='ltr'><strong>praegravem</strong></span> <span class='ocrx_word' id='word_1_124' title='bbox 691 2041 792 2109; x_wconf 89' lang='lat' dir='ltr'><strong>ratus,</strong></span> <span class='ocrx_word' id='word_1_125' title='bbox 811 2031 985 2096; x_wconf 87' lang='lat' dir='ltr'><strong>interficere</strong></span> <span class='ocrx_word' id='word_1_126' title='bbox 1003 2032 1171 2110; x_wconf 88' lang='lat' dir='ltr'><strong>constituit,</strong></span> <span class='ocrx_word' id='word_1_127' title='bbox 1190 2033 1340 2096; x_wconf 86' lang='lat' dir='ltr'><strong>hactenus</strong></span> 
     </span>
     <span class='ocr_line' id='line_1_19' title="bbox 314 2125 1341 2211; baseline 0 -23"><span class='ocrx_word' id='word_1_128' title='bbox 314 2125 509 2202; x_wconf 88' lang='lat' dir='ltr'><strong>consultans,</strong></span> <span class='ocrx_word' id='word_1_129' title='bbox 536 2148 657 2190; x_wconf 87' lang='lat' dir='ltr'><strong>veneno</strong></span> <span class='ocrx_word' id='word_1_130' title='bbox 680 2149 720 2190; x_wconf 90' lang='lat' dir='ltr'><strong>an</strong></span> <span class='ocrx_word' id='word_1_131' title='bbox 741 2125 824 2191; x_wconf 86' lang='lat' dir='ltr'><strong>ferro</strong></span> <span class='ocrx_word' id='word_1_132' title='bbox 850 2126 900 2190; x_wconf 86' lang='lat' dir='ltr'><strong>vel</strong></span> <span class='ocrx_word' id='word_1_133' title='bbox 923 2147 986 2209; x_wconf 88' lang='lat' dir='ltr'><strong>qua</strong></span> <span class='ocrx_word' id='word_1_134' title='bbox 1008 2126 1069 2190; x_wconf 89' lang='lat' dir='ltr'><strong>alia</strong></span> <span class='ocrx_word' id='word_1_135' title='bbox 1090 2126 1136 2204; x_wconf 91' lang='lat' dir='ltr'><strong>vi;</strong></span> <span class='ocrx_word' id='word_1_136' title='bbox 1163 2125 1341 2211; x_wconf 89' lang='lat' dir='ltr'><strong>placuitque</strong></span> 
     </span>
     <span class='ocr_line' id='line_1_20' title="bbox 313 2219 1342 2310; baseline 0.001 -28"><span class='ocrx_word' id='word_1_137' title='bbox 313 2219 414 2304; x_wconf 90' lang='lat' dir='ltr'><strong>primo</strong></span> <span class='ocrx_word' id='word_1_138' title='bbox 432 2241 601 2298; x_wconf 80' lang='lat' dir='ltr'><strong>venenum3</strong></span> <span class='ocrx_word' id='word_1_139' title='bbox 622 2220 678 2285; x_wconf 89' lang='lat' dir='ltr'><strong>sed</strong></span> <span class='ocrx_word' id='word_1_140' title='bbox 694 2220 780 2286; x_wconf 89' lang='lat' dir='ltr'><strong>inter</strong></span> <span class='ocrx_word' id='word_1_141' title='bbox 792 2220 901 2310; x_wconf 91' lang='lat' dir='ltr'><strong>epulas</strong></span> <span class='ocrx_word' id='word_1_142' title='bbox 920 2220 1068 2306; x_wconf 89' lang='lat' dir='ltr'><strong>principis</strong></span> <span class='ocrx_word' id='word_1_143' title='bbox 1087 2221 1114 2285; x_wconf 89' lang='lat' dir='ltr'><strong>si</strong></span> <span class='ocrx_word' id='word_1_144' title='bbox 1132 2221 1269 2296; x_wconf 90' lang='lat' dir='ltr'><strong>daretur,</strong></span> <span class='ocrx_word' id='word_1_145' title='bbox 1292 2239 1342 2283; x_wconf 90' lang='lat' dir='ltr'><strong>re-</strong></span> 
     </span>
     <span class='ocr_line' id='line_1_21' title="bbox 314 2313 1341 2399; baseline -0.001 -22"><span class='ocrx_word' id='word_1_146' title='bbox 314 2313 389 2377; x_wconf 86' lang='lat' dir='ltr'><strong>ferri</strong></span> <span class='ocrx_word' id='word_1_147' title='bbox 411 2313 452 2378; x_wconf 91' lang='lat' dir='ltr'><strong>ad</strong></span> <span class='ocrx_word' id='word_1_148' title='bbox 474 2335 582 2378; x_wconf 89' lang='lat' dir='ltr'><strong>casum</strong></span> <span class='ocrx_word' id='word_1_149' title='bbox 604 2323 676 2379; x_wconf 80' lang='lat' dir='ltr'><strong>non&#39;</strong></span> <span class='ocrx_word' id='word_1_150' title='bbox 689 2324 811 2399; x_wconf 90' lang='lat' dir='ltr'><strong>poterat</strong></span> <span class='ocrx_word' id='word_1_151' title='bbox 828 2315 882 2378; x_wconf 90' lang='lat' dir='ltr'><strong>tali</strong></span> <span class='ocrx_word' id='word_1_152' title='bbox 903 2314 967 2378; x_wconf 92' lang='lat' dir='ltr'><strong>iam</strong></span> <span class='ocrx_word' id='word_1_153' title='bbox 983 2314 1154 2379; x_wconf 89' lang='lat' dir='ltr'><strong>Britannici</strong></span> <span class='ocrx_word' id='word_1_154' title='bbox 1177 2313 1270 2378; x_wconf 87' lang='lat' dir='ltr'><strong>exitio</strong></span> <span class='ocrx_word' id='word_1_155' title='bbox 1277 2337 1286 2391; x_wconf 85' lang='lat'>3</span> <span class='ocrx_word' id='word_1_156' title='bbox 1309 2322 1341 2376; x_wconf 90' lang='lat' dir='ltr'><strong>et</strong></span> 
     </span>
     <span class='ocr_line' id='line_1_22' title="bbox 314 2406 1343 2493; baseline 0 -23"><span class='ocrx_word' id='word_1_157' title='bbox 314 2406 472 2472; x_wconf 90' lang='lat' dir='ltr'><strong>ministros</strong></span> <span class='ocrx_word' id='word_1_158' title='bbox 495 2416 646 2493; x_wconf 90' lang='lat' dir='ltr'><strong>temptare</strong></span> <span class='ocrx_word' id='word_1_159' title='bbox 669 2408 802 2472; x_wconf 89' lang='lat' dir='ltr'><strong>arduum</strong></span> <span class='ocrx_word' id='word_1_160' title='bbox 823 2407 988 2472; x_wconf 81' lang='lat' dir='ltr'><strong>videbatur</strong></span> <span class='ocrx_word' id='word_1_161' title='bbox 1008 2408 1147 2490; x_wconf 86' lang='lat' dir='ltr'><strong>mulieris</strong></span> <span class='ocrx_word' id='word_1_162' title='bbox 1165 2430 1226 2472; x_wconf 87' lang='lat' dir='ltr'><strong>usu</strong></span> <span class='ocrx_word' id='word_1_163' title='bbox 1244 2406 1343 2470; x_wconf 91' lang='lat' dir='ltr'><strong>scele-</strong></span> 
     </span>
     <span class='ocr_line' id='line_1_23' title="bbox 314 2500 1341 2587; baseline -0.003 -21"><span class='ocrx_word' id='word_1_164' title='bbox 314 2524 384 2566; x_wconf 90' lang='lat' dir='ltr'><strong>rum</strong></span> <span class='ocrx_word' id='word_1_165' title='bbox 407 2501 557 2566; x_wconf 86' lang='lat' dir='ltr'><strong>adversus</strong></span> <span class='ocrx_word' id='word_1_166' title='bbox 580 2500 710 2566; x_wconf 87' lang='lat' dir='ltr'><strong>insidias</strong></span> <span class='ocrx_word' id='word_1_167' title='bbox 732 2503 884 2580; x_wconf 86' lang='lat' dir='ltr'><strong>intentae3</strong></span> <span class='ocrx_word' id='word_1_168' title='bbox 907 2512 1000 2586; x_wconf 89' lang='lat' dir='ltr'><strong>atque</strong></span> <span class='ocrx_word' id='word_1_169' title='bbox 1022 2503 1091 2587; x_wconf 88' lang='lat' dir='ltr'><strong>ipsa</strong></span> <span class='ocrx_word' id='word_1_170' title='bbox 1112 2500 1341 2587; x_wconf 89' lang='lat' dir='ltr'><strong>praesumendo</strong></span> 
     </span>
     <span class='ocr_line' id='line_1_24' title="bbox 314 2594 1341 2681; baseline -0.002 -22"><span class='ocrx_word' id='word_1_171' title='bbox 314 2594 452 2660; x_wconf 89' lang='lat' dir='ltr'><strong>remedia</strong></span> <span class='ocrx_word' id='word_1_172' title='bbox 469 2595 623 2659; x_wconf 90' lang='lat' dir='ltr'><strong>munierat</strong></span> <span class='ocrx_word' id='word_1_173' title='bbox 636 2618 759 2681; x_wconf 88' lang='lat' dir='ltr'><strong>corpus.</strong></span> <span class='ocrx_word' id='word_1_174' title='bbox 782 2595 900 2660; x_wconf 90' lang='lat' dir='ltr'><strong>ferrum</strong></span> <span class='ocrx_word' id='word_1_175' title='bbox 917 2605 949 2660; x_wconf 85' lang='lat' dir='ltr'><strong>et</strong></span> <span class='ocrx_word' id='word_1_176' title='bbox 962 2597 1073 2660; x_wconf 86' lang='lat' dir='ltr'><strong>caedes</strong></span> <span class='ocrx_word' id='word_1_177' title='bbox 1092 2617 1229 2678; x_wconf 89' lang='lat' dir='ltr'><strong>quonam</strong></span> <span class='ocrx_word' id='word_1_178' title='bbox 1246 2594 1341 2658; x_wconf 92' lang='lat' dir='ltr'><strong>modo</strong></span> 
     </span>
     <span class='ocr_line' id='line_1_25' title="bbox 315 2686 1342 2774; baseline -0.003 -21"><span class='ocrx_word' id='word_1_179' title='bbox 315 2689 534 2766; x_wconf 87' lang='lat' dir='ltr'><strong>occultaretur,</strong></span> <span class='ocrx_word' id='word_1_180' title='bbox 557 2711 649 2754; x_wconf 91' lang='lat' dir='ltr'><strong>nemo</strong></span> <span class='ocrx_word' id='word_1_181' title='bbox 671 2689 860 2774; x_wconf 84' lang='lat' dir='ltr'><strong>reperiebat,</strong></span> <span class='ocrx_word' id='word_1_182' title='bbox 883 2698 915 2758; x_wconf 86' lang='lat' dir='ltr'><strong>et</strong></span> <span class='ocrx_word' id='word_1_183' title='bbox 935 2712 975 2754; x_wconf 92' lang='lat' dir='ltr'><strong>ne</strong></span> <span class='ocrx_word' id='word_1_184' title='bbox 997 2688 1067 2774; x_wconf 87' lang='lat' dir='ltr'><strong>quis</strong></span> <span class='ocrx_word' id='word_1_185' title='bbox 1089 2689 1133 2752; x_wconf 95' lang='lat' dir='ltr'><strong>illi</strong></span> <span class='ocrx_word' id='word_1_186' title='bbox 1156 2697 1241 2752; x_wconf 91' lang='lat' dir='ltr'><strong>tanto</strong></span> <span class='ocrx_word' id='word_1_187' title='bbox 1262 2686 1342 2751; x_wconf 86' lang='lat' dir='ltr'><strong>faci-</strong></span> 
     </span>
     <span class='ocr_line' id='line_1_26' title="bbox 315 2781 1341 2868; baseline 0 -24"><span class='ocrx_word' id='word_1_188' title='bbox 315 2783 383 2846; x_wconf 83' lang='lat' dir='ltr'><strong>nori</strong></span> <span class='ocrx_word' id='word_1_189' title='bbox 396 2781 534 2846; x_wconf 87' lang='lat' dir='ltr'><strong>delectus</strong></span> <span class='ocrx_word' id='word_1_190' title='bbox 547 2782 634 2846; x_wconf 89' lang='lat' dir='ltr'><strong>iussa</strong></span> <span class='ocrx_word' id='word_1_191' title='bbox 652 2791 821 2868; x_wconf 86' lang='lat' dir='ltr'><strong>sperneret,</strong></span> <span class='ocrx_word' id='word_1_192' title='bbox 838 2782 1028 2848; x_wconf 89' lang='lat' dir='ltr'><strong>metuebant.</strong></span> <span class='ocrx_word' id='word_1_193' title='bbox 1051 2781 1163 2848; x_wconf 92' lang='lat' dir='ltr'><strong>obtulit</strong></span> <span class='ocrx_word' id='word_1_194' title='bbox 1179 2781 1341 2868; x_wconf 87' lang='lat' dir='ltr'><strong>ingenium</strong></span> 
     </span>
     <span class='ocr_line' id='line_1_27' title="bbox 316 2875 1343 2964; baseline 0.001 -25"><span class='ocrx_word' id='word_1_195' title='bbox 316 2875 469 2940; x_wconf 88' lang='lat' dir='ltr'><strong>Anicetus</strong></span> <span class='ocrx_word' id='word_1_196' title='bbox 483 2876 622 2955; x_wconf 89' lang='lat' dir='ltr'><strong>libertus,</strong></span> <span class='ocrx_word' id='word_1_197' title='bbox 641 2877 734 2942; x_wconf 89' lang='lat' dir='ltr'><strong>classi</strong></span> <span class='ocrx_word' id='word_1_198' title='bbox 747 2879 832 2964; x_wconf 90' lang='lat' dir='ltr'><strong>apud</strong></span> <span class='ocrx_word' id='word_1_199' title='bbox 844 2877 1003 2943; x_wconf 89' lang='lat' dir='ltr'><strong>Misenum</strong></span> <span class='ocrx_word' id='word_1_200' title='bbox 1022 2877 1199 2963; x_wconf 86' lang='lat' dir='ltr'><strong>praefectus</strong></span> <span class='ocrx_word' id='word_1_201' title='bbox 1217 2885 1248 2940; x_wconf 91' lang='lat' dir='ltr'><strong>et</strong></span> <span class='ocrx_word' id='word_1_202' title='bbox 1263 2897 1343 2961; x_wconf 91' lang='lat' dir='ltr'><strong>pue-</strong></span> 
     </span>
     <span class='ocr_line' id='line_1_28' title="bbox 315 2969 1342 3058; baseline 0 -25"><span class='ocrx_word' id='word_1_203' title='bbox 315 2969 404 3033; x_wconf 88' lang='lat' dir='ltr'><strong>ritiae</strong></span> <span class='ocrx_word' id='word_1_204' title='bbox 425 2969 558 3034; x_wconf 88' lang='lat' dir='ltr'><strong>Neronis</strong></span> <span class='ocrx_word' id='word_1_205' title='bbox 581 2971 729 3036; x_wconf 90' lang='lat' dir='ltr'><strong>educator</strong></span> <span class='ocrx_word' id='word_1_206' title='bbox 750 2995 787 3037; x_wconf 88' lang='lat' dir='ltr'><strong>ac</strong></span> <span class='ocrx_word' id='word_1_207' title='bbox 809 2973 927 3037; x_wconf 90' lang='lat' dir='ltr'><strong>mutuis</strong></span> <span class='ocrx_word' id='word_1_208' title='bbox 948 2973 1027 3038; x_wconf 90' lang='lat' dir='ltr'><strong>odiis</strong></span> <span class='ocrx_word' id='word_1_209' title='bbox 1044 2971 1240 3058; x_wconf 88' lang='lat' dir='ltr'><strong>Agrippinae</strong></span> <span class='ocrx_word' id='word_1_210' title='bbox 1261 2971 1342 3034; x_wconf 77' lang='lat' dir='ltr'><strong>invi-</strong></span> 
     </span>
     <span class='ocr_line' id='line_1_29' title="bbox 317 3064 1341 3151; baseline 0 -25"><span class='ocrx_word' id='word_1_211' title='bbox 317 3084 385 3140; x_wconf 83' lang='lat' dir='ltr'><strong>sus3</strong></span> <span class='ocrx_word' id='word_1_212' title='bbox 404 3084 478 3149; x_wconf 90' lang='lat' dir='ltr'><strong>ergo</strong></span> <span class='ocrx_word' id='word_1_213' title='bbox 496 3086 608 3128; x_wconf 83' lang='lat' dir='ltr'><strong>navem</strong></span> <span class='ocrx_word' id='word_1_214' title='bbox 626 3086 720 3149; x_wconf 87' lang='lat' dir='ltr'><strong>posse</strong></span> <span class='ocrx_word' id='word_1_215' title='bbox 738 3066 884 3151; x_wconf 93' lang='lat' dir='ltr'><strong>componi</strong></span> <span class='ocrx_word' id='word_1_216' title='bbox 901 3066 1005 3143; x_wconf 88' lang='lat' dir='ltr'><strong>docet,</strong></span> <span class='ocrx_word' id='word_1_217' title='bbox 1024 3067 1115 3130; x_wconf 88' lang='lat' dir='ltr'><strong>cuius</strong></span> <span class='ocrx_word' id='word_1_218' title='bbox 1130 3086 1203 3151; x_wconf 90' lang='lat' dir='ltr'><strong>pars</strong></span> <span class='ocrx_word' id='word_1_219' title='bbox 1220 3065 1290 3148; x_wconf 91' lang='lat' dir='ltr'><strong>ipso</strong></span> <span class='ocrx_word' id='word_1_220' title='bbox 1307 3064 1341 3126; x_wconf 91' lang='lat' dir='ltr'><strong>in</strong></span> 
     </span>
     <span class='ocr_line' id='line_1_30' title="bbox 315 3158 1341 3246; baseline 0 -24"><span class='ocrx_word' id='word_1_221' title='bbox 315 3158 394 3222; x_wconf 88' lang='lat' dir='ltr'><strong>mari</strong></span> <span class='ocrx_word' id='word_1_222' title='bbox 406 3179 463 3243; x_wconf 85' lang='lat' dir='ltr'><strong>per</strong></span> <span class='ocrx_word' id='word_1_223' title='bbox 480 3167 577 3223; x_wconf 90' lang='lat' dir='ltr'><strong>artem</strong></span> <span class='ocrx_word' id='word_1_224' title='bbox 591 3160 692 3244; x_wconf 87' lang='lat' dir='ltr'><strong>soluta</strong></span> <span class='ocrx_word' id='word_1_225' title='bbox 705 3161 878 3226; x_wconf 86' lang='lat' dir='ltr'><strong>effunderet</strong></span> <span class='ocrx_word' id='word_1_226' title='bbox 891 3161 1045 3246; x_wconf 89' lang='lat' dir='ltr'><strong>ignaram:</strong></span> <span class='ocrx_word' id='word_1_227' title='bbox 1064 3161 1141 3225; x_wconf 92' lang='lat' dir='ltr'><strong>nihil</strong></span> <span class='ocrx_word' id='word_1_228' title='bbox 1159 3172 1222 3224; x_wconf 87' lang='lat' dir='ltr'><strong>tam</strong></span> <span class='ocrx_word' id='word_1_229' title='bbox 1241 3180 1341 3243; x_wconf 85' lang='lat' dir='ltr'><strong>capax</strong></span> 
     </span>
     <span class='ocr_line' id='line_1_31' title="bbox 316 3251 1342 3340; baseline 0 -26"><span class='ocrx_word' id='word_1_230' title='bbox 316 3251 513 3316; x_wconf 86' lang='lat' dir='ltr'><strong>fortuitorum</strong></span> <span class='ocrx_word' id='word_1_231' title='bbox 526 3274 619 3335; x_wconf 91' lang='lat' dir='ltr'><strong>quam</strong></span> <span class='ocrx_word' id='word_1_232' title='bbox 629 3277 728 3331; x_wconf 83' lang='lat' dir='ltr'><strong>mare3</strong></span> <span class='ocrx_word' id='word_1_233' title='bbox 743 3263 774 3318; x_wconf 92' lang='lat' dir='ltr'><strong>et</strong></span> <span class='ocrx_word' id='word_1_234' title='bbox 788 3253 814 3318; x_wconf 88' lang='lat' dir='ltr'><strong>si</strong></span> <span class='ocrx_word' id='word_1_235' title='bbox 827 3255 990 3340; x_wconf 87' lang='lat' dir='ltr'><strong>naufragio</strong></span> <span class='ocrx_word' id='word_1_236' title='bbox 999 3254 1169 3338; x_wconf 89' lang='lat' dir='ltr'><strong>intercepta</strong></span> <span class='ocrx_word' id='word_1_237' title='bbox 1183 3252 1231 3329; x_wconf 91' lang='lat' dir='ltr'><strong>sit,</strong></span> <span class='ocrx_word' id='word_1_238' title='bbox 1246 3273 1342 3334; x_wconf 91' lang='lat' dir='ltr'><strong>quem</strong></span> 
     </span>
     <span class='ocr_line' id='line_1_32' title="bbox 316 3344 1342 3433; baseline -0.002 -24"><span class='ocrx_word' id='word_1_239' title='bbox 316 3345 394 3410; x_wconf 91' lang='lat' dir='ltr'><strong>adeo</strong></span> <span class='ocrx_word' id='word_1_240' title='bbox 407 3345 550 3428; x_wconf 91' lang='lat' dir='ltr'><strong>iniquum</strong></span> <span class='ocrx_word' id='word_1_241' title='bbox 567 3356 601 3411; x_wconf 94' lang='lat' dir='ltr'><strong>ut</strong></span> <span class='ocrx_word' id='word_1_242' title='bbox 620 3347 729 3416; x_wconf 86' lang='lat' dir='ltr'><strong>sceleri</strong></span> <span class='ocrx_word' id='word_1_243' title='bbox 746 3347 890 3433; x_wconf 88' lang='lat' dir='ltr'><strong>adsignet</strong></span> <span class='ocrx_word' id='word_1_244' title='bbox 903 3349 988 3431; x_wconf 92' lang='lat' dir='ltr'><strong>quod</strong></span> <span class='ocrx_word' id='word_1_245' title='bbox 1005 3348 1090 3411; x_wconf 87' lang='lat' dir='ltr'><strong>venti</strong></span> <span class='ocrx_word' id='word_1_246' title='bbox 1108 3357 1139 3411; x_wconf 94' lang='lat' dir='ltr'><strong>et</strong></span> <span class='ocrx_word' id='word_1_247' title='bbox 1156 3347 1268 3410; x_wconf 84' lang='lat' dir='ltr'><strong>fluctus</strong></span> <span class='ocrx_word' id='word_1_248' title='bbox 1287 3344 1342 3408; x_wconf 91' lang='lat' dir='ltr'><strong>de-</strong></span> 
     </span>
     <span class='ocr_line' id='line_1_33' title="bbox 316 3437 1342 3526; baseline 0.001 -25"><span class='ocrx_word' id='word_1_249' title='bbox 316 3437 479 3522; x_wconf 84' lang='lat' dir='ltr'><strong>liquerint?</strong></span> <span class='ocrx_word' id='word_1_250' title='bbox 497 3441 674 3506; x_wconf 88' lang='lat' dir='ltr'><strong>additurum</strong></span> <span class='ocrx_word' id='word_1_251' title='bbox 687 3441 859 3526; x_wconf 88' lang='lat' dir='ltr'><strong>principem</strong></span> <span class='ocrx_word' id='word_1_252' title='bbox 872 3441 1039 3506; x_wconf 82' lang='lat' dir='ltr'><strong>defunctae</strong></span> <span class='ocrx_word' id='word_1_253' title='bbox 1052 3439 1204 3526; x_wconf 91' lang='lat' dir='ltr'><strong>templum</strong></span> <span class='ocrx_word' id='word_1_254' title='bbox 1222 3447 1253 3502; x_wconf 93' lang='lat' dir='ltr'><strong>et</strong></span> <span class='ocrx_word' id='word_1_255' title='bbox 1270 3459 1342 3502; x_wconf 87' lang='lat' dir='ltr'><strong>aras</strong></span> 
     </span>
     <span class='ocr_line' id='line_1_34' title="bbox 315 3535 1231 3622; baseline 0.009 -27"><span class='ocrx_word' id='word_1_256' title='bbox 315 3542 348 3596; x_wconf 90' lang='lat' dir='ltr'><strong>et</strong></span> <span class='ocrx_word' id='word_1_257' title='bbox 365 3542 467 3598; x_wconf 88' lang='lat' dir='ltr'><strong>cetera</strong></span> <span class='ocrx_word' id='word_1_258' title='bbox 484 3535 686 3599; x_wconf 88' lang='lat' dir='ltr'><strong>ostentandae</strong></span> <span class='ocrx_word' id='word_1_259' title='bbox 699 3536 821 3622; x_wconf 91' lang='lat' dir='ltr'><strong>pietati.</strong></span> <span class='ocrx_word' id='word_1_260' title='bbox 1228 3549 1231 3554; x_wconf 88' lang='lat'>&#39;</span> 
     </span>
    </p>

    <p class='ocr_par' dir='ltr' id='par_1_6' title="bbox 282 3625 1344 4278">
     <span class='ocr_line' id='line_1_35' title="bbox 282 3625 1343 3714; baseline -0.005 -20"><span class='ocrx_word' id='word_1_261' title='bbox 282 3645 299 3694; x_wconf 81' lang='lat'>4</span> <span class='ocrx_word' id='word_1_262' title='bbox 379 3625 504 3691; x_wconf 91' lang='lat' dir='ltr'><strong>Placuit</strong></span> <span class='ocrx_word' id='word_1_263' title='bbox 522 3628 657 3693; x_wconf 88' lang='lat' dir='ltr'><strong>sollertia</strong></span> <span class='ocrx_word' id='word_1_264' title='bbox 675 3639 814 3714; x_wconf 92' lang='lat' dir='ltr'><strong>tempore</strong></span> <span class='ocrx_word' id='word_1_265' title='bbox 832 3630 926 3693; x_wconf 90' lang='lat' dir='ltr'><strong>etiam</strong></span> <span class='ocrx_word' id='word_1_266' title='bbox 943 3630 1018 3706; x_wconf 86' lang='lat' dir='ltr'><strong>iata,</strong></span> <span class='ocrx_word' id='word_1_267' title='bbox 1037 3629 1163 3712; x_wconf 91' lang='lat' dir='ltr'><strong>quando</strong></span> <span class='ocrx_word' id='word_1_268' title='bbox 1178 3625 1343 3709; x_wconf 82' lang='lat' dir='ltr'><strong>Quinqua-</strong></span> 
     </span>
     <span class='ocr_line' id='line_1_36' title="bbox 317 3720 1343 3808; baseline 0 -26"><span class='ocrx_word' id='word_1_269' title='bbox 317 3728 421 3784; x_wconf 91' lang='lat' dir='ltr'><strong>truum</strong></span> <span class='ocrx_word' id='word_1_270' title='bbox 443 3720 541 3786; x_wconf 86' lang='lat' dir='ltr'><strong>festos</strong></span> <span class='ocrx_word' id='word_1_271' title='bbox 560 3723 626 3788; x_wconf 88' lang='lat' dir='ltr'><strong>dies</strong></span> <span class='ocrx_word' id='word_1_272' title='bbox 645 3723 729 3808; x_wconf 86' lang='lat' dir='ltr'><strong>apud</strong></span> <span class='ocrx_word' id='word_1_273' title='bbox 745 3722 841 3788; x_wconf 89' lang='lat' dir='ltr'><strong>Baias</strong></span> <span class='ocrx_word' id='word_1_274' title='bbox 864 3723 1096 3806; x_wconf 82' lang='lat' dir='ltr'><strong>frequentabat3</strong></span> <span class='ocrx_word' id='word_1_275' title='bbox 1118 3722 1193 3786; x_wconf 93' lang='lat' dir='ltr'><strong>illuc</strong></span> <span class='ocrx_word' id='word_1_276' title='bbox 1209 3729 1343 3784; x_wconf 90' lang='lat' dir='ltr'><strong>matrem</strong></span> 
     </span>
     <span class='ocr_line' id='line_1_37' title="bbox 317 3811 1344 3901; baseline -0.004 -23"><span class='ocrx_word' id='word_1_277' title='bbox 317 3813 413 3890; x_wconf 89' lang='lat' dir='ltr'><strong>elicit,</strong></span> <span class='ocrx_word' id='word_1_278' title='bbox 441 3813 586 3880; x_wconf 87' lang='lat' dir='ltr'><strong>ferendas</strong></span> <span class='ocrx_word' id='word_1_279' title='bbox 611 3816 785 3901; x_wconf 91' lang='lat' dir='ltr'><strong>parentium</strong></span> <span class='ocrx_word' id='word_1_280' title='bbox 811 3816 986 3882; x_wconf 89' lang='lat' dir='ltr'><strong>iracundias</strong></span> <span class='ocrx_word' id='word_1_281' title='bbox 1010 3825 1042 3880; x_wconf 85' lang='lat' dir='ltr'><strong>et</strong></span> <span class='ocrx_word' id='word_1_282' title='bbox 1062 3815 1250 3900; x_wconf 88' lang='lat' dir='ltr'><strong>placandum</strong></span> <span class='ocrx_word' id='word_1_283' title='bbox 1276 3811 1344 3876; x_wconf 90' lang='lat' dir='ltr'><strong>ani-</strong></span> 
     </span>
     <span class='ocr_line' id='line_1_38' title="bbox 317 3907 1343 3992; baseline -0.002 -22"><span class='ocrx_word' id='word_1_284' title='bbox 317 3929 404 3971; x_wconf 91' lang='lat' dir='ltr'><strong>mum</strong></span> <span class='ocrx_word' id='word_1_285' title='bbox 422 3908 581 3985; x_wconf 90' lang='lat' dir='ltr'><strong>dictitans,</strong></span> <span class='ocrx_word' id='word_1_286' title='bbox 600 3930 662 3992; x_wconf 90' lang='lat' dir='ltr'><strong>quo</strong></span> <span class='ocrx_word' id='word_1_287' title='bbox 679 3932 836 3974; x_wconf 91' lang='lat' dir='ltr'><strong>rumorem</strong></span> <span class='ocrx_word' id='word_1_288' title='bbox 858 3909 1116 3974; x_wconf 90' lang='lat' dir='ltr'><strong>reconciliationis</strong></span> <span class='ocrx_word' id='word_1_289' title='bbox 1136 3907 1272 3972; x_wconf 88' lang='lat' dir='ltr'><strong>efficeret</strong></span> <span class='ocrx_word' id='word_1_290' title='bbox 1290 3926 1343 3968; x_wconf 90' lang='lat' dir='ltr'><strong>ac-</strong></span> 
     </span>
     <span class='ocr_line' id='line_1_39' title="bbox 318 3999 1343 4088; baseline -0.003 -25"><span class='ocrx_word' id='word_1_291' title='bbox 318 3999 494 4084; x_wconf 86' lang='lat' dir='ltr'><strong>ciperetque</strong></span> <span class='ocrx_word' id='word_1_292' title='bbox 507 4000 693 4088; x_wconf 88' lang='lat' dir='ltr'><strong>Agrippina,</strong></span> <span class='ocrx_word' id='word_1_293' title='bbox 712 4002 796 4067; x_wconf 83' lang='lat' dir='ltr'><strong>facili</strong></span> <span class='ocrx_word' id='word_1_294' title='bbox 809 4002 996 4067; x_wconf 83' lang='lat' dir='ltr'><strong>feminarum</strong></span> <span class='ocrx_word' id='word_1_295' title='bbox 1011 4002 1192 4067; x_wconf 88' lang='lat' dir='ltr'><strong>credulitate</strong></span> <span class='ocrx_word' id='word_1_296' title='bbox 1206 4000 1247 4065; x_wconf 92' lang='lat' dir='ltr'><strong>ad</strong></span> <span class='ocrx_word' id='word_1_297' title='bbox 1263 4021 1343 4084; x_wconf 84' lang='lat' dir='ltr'><strong>gau·</strong></span> 
     </span>
     <span class='ocr_line' id='line_1_40' title="bbox 317 4091 1343 4163; baseline 0 -8"><span class='ocrx_word' id='word_1_298' title='bbox 317 4093 379 4157; x_wconf 85' lang='lat' dir='ltr'><strong>dia.</strong></span> <span class='ocrx_word' id='word_1_299' title='bbox 406 4095 581 4160; x_wconf 84' lang='lat' dir='ltr'><strong>venientem</strong></span> <span class='ocrx_word' id='word_1_300' title='bbox 598 4097 711 4162; x_wconf 90' lang='lat' dir='ltr'><strong>dehinc</strong></span> <span class='ocrx_word' id='word_1_301' title='bbox 732 4097 843 4163; x_wconf 89' lang='lat' dir='ltr'><strong>obvius</strong></span> <span class='ocrx_word' id='word_1_302' title='bbox 860 4097 894 4161; x_wconf 92' lang='lat' dir='ltr'><strong>in</strong></span> <span class='ocrx_word' id='word_1_303' title='bbox 911 4096 1002 4162; x_wconf 90' lang='lat' dir='ltr'><strong>litora</strong></span> <span class='ocrx_word' id='word_1_304' title='bbox 1020 4135 1062 4145; x_wconf 92' lang='lat'><strong>—-</strong></span> <span class='ocrx_word' id='word_1_305' title='bbox 1079 4119 1153 4161; x_wconf 92' lang='lat' dir='ltr'><strong>nam</strong></span> <span class='ocrx_word' id='word_1_306' title='bbox 1171 4093 1268 4160; x_wconf 91' lang='lat' dir='ltr'><strong>Antio</strong></span> <span class='ocrx_word' id='word_1_307' title='bbox 1286 4091 1343 4156; x_wconf 88' lang='lat' dir='ltr'><strong>ad-</strong></span> 
     </span>
     <span class='ocr_line' id='line_1_41' title="bbox 318 4185 1342 4278; baseline -0.002 -27"><span class='ocrx_word' id='word_1_308' title='bbox 318 4187 466 4254; x_wconf 87' lang='lat' dir='ltr'><strong>ventabat</strong></span> <span class='ocrx_word' id='word_1_309' title='bbox 483 4227 523 4236; x_wconf 92' lang='lat'>—</span> <span class='ocrx_word' id='word_1_310' title='bbox 542 4192 664 4278; x_wconf 87' lang='lat' dir='ltr'><strong>excepit</strong></span> <span class='ocrx_word' id='word_1_311' title='bbox 685 4214 779 4257; x_wconf 89' lang='lat' dir='ltr'><strong>manu</strong></span> <span class='ocrx_word' id='word_1_312' title='bbox 802 4202 833 4256; x_wconf 91' lang='lat' dir='ltr'><strong>et</strong></span> <span class='ocrx_word' id='word_1_313' title='bbox 855 4192 1019 4278; x_wconf 88' lang='lat' dir='ltr'><strong>complexu</strong></span> <span class='ocrx_word' id='word_1_314' title='bbox 1041 4191 1188 4274; x_wconf 91' lang='lat' dir='ltr'><strong>ducitque</strong></span> <span class='ocrx_word' id='word_1_315' title='bbox 1206 4185 1342 4252; x_wconf 89' lang='lat' dir='ltr'><strong>Baulos:</strong></span> 
     </span>
    </p>
   </div>
   <div class='ocr_carea' id='block_1_4' title="bbox 0 0 1527 5046">
    <p class='ocr_par' dir='ltr' id='par_1_7' title="bbox 0 0 1527 5046">
     <span class='ocr_line' id='line_1_42' title="bbox 0 0 1527 5046; baseline 0 0"><span class='ocrx_word' id='word_1_316' title='bbox 0 0 1527 5046; x_wconf 95' lang='lat' dir='ltr'><strong> </strong></span> 
     </span>
    </p>
   </div>
  </div>
 </body>
</html>
