2760 4874
406 349 611 452 ANNABIUM
628 394 702 449 LIB.
720 395 742 448 Ι.
761 395 879 449 18-23.
1112 383 1151 447 15

126 499 148 539 p.
159 487 202 529 Ch.
215 487 247 525 14.

74 552 77 559 ’
125 563 202 631 erat,
220 552 382 618 retinentis
395 551 591 616 centuriones
605 551 703 615 inrisu
721 560 752 614 et
769 551 974 629 contumeliis,
992 560 1150 638 postremo

119 646 308 714 ,verberibus
330 647 536 722 insectantur,
559 645 727 730 praecipua
747 645 781 708 in
797 643 1001 710 Aufidienum
1018 646 1149 723 Rufum,

124 741 320 829 praefectum
338 749 524 816 castrorum,
547 739 606 817 ira,
629 761 724 823 quem
745 740 908 825 dereptum
925 740 1068 805 vehiculo
1086 763 1152 805 sar·

125 835 205 900 cinis
218 843 352 920 gravant
364 843 523 919 aguntque
535 833 637 918 primo
654 833 688 896 in
700 833 834 918 agmine,
852 856 908 918 per
920 832 1088 898 ludibrium
1101 857 1151 899 ro-

125 931 261 1017 gitantes
280 951 320 992 an
337 938 401 992 tam
413 928 568 992 immensa
584 949 688 1004 onera,
706 936 771 991 tam
783 927 879 1013 longa
895 928 1005 992 itinera
1020 928 1151 993 libenter

124 1025 230 1088 ferret
254 1021 369 1107 quippe
387 1021 492 1086 Rufus
510 1021 566 1085 diu
583 1020 801 1106 manipularis,
820 1022 893 1087 dein
910 1022 1058 1099 centurio,
1077 1044 1151 1086 mox

125 1116 237 1182 castris
251 1116 438 1201 praefectus,
458 1115 618 1197 antiquam
631 1115 802 1198 duramque
815 1115 957 1179 militiam
974 1113 1149 1191 revocabat,

125 1211 260 1274 intentus
278 1209 381 1294 operis
399 1230 437 1272 ac
453 1207 579 1284 laboris,
598 1216 629 1272 et
647 1230 684 1273 eo
701 1207 849 1272 immitior
866 1208 940 1291 quia
957 1208 1150 1273 toleraverat.

126 1305 241 1369 horum
257 1303 394 1367 adventu
416 1301 644 1387 redintegratur
661 1301 786 1380 seditio,
810 1312 841 1366 ct
859 1302 933 1389 vagi
955 1303 1197 1369 circumiectam

126 1395 366 1483 populabantur.
397 1395 532 1459 Blaesus
553 1417 685 1480 paucos,
712 1395 848 1460 maxime
869 1397 986 1481 praeda
1005 1405 1149 1473 onustos,
1181 1434 1184 1441 ·

126 1491 169 1554 ad
190 1499 339 1554 terrorem
361 1498 533 1553 ceterorum
560 1488 652 1552 adfici
676 1487 871 1567 verberibus,
899 1490 1002 1554 claudi
1028 1502 1150 1559 carcere

126 1584 228 1662 iubet3
255 1607 328 1648 nam
354 1583 448 1647 etiam
474 1593 541 1646 tum
562 1582 665 1668 legato
684 1606 703 1647 a
725 1584 956 1649 centurionibus
979 1594 1010 1648 et
1033 1584 1150 1670 optimo

125 1698 252 1762 quoque
277 1676 517 1762 manipularium
541 1675 722 1762 parebatur:
753 1677 798 1741 illi
823 1677 921 1742 obniti
947 1677 1149 1755 trahentibus,

91 1794 96 1813 ·
125 1793 275 1858 prensare
297 1771 564 1836 circumstantium
585 1792 702 1856 genua,
725 1771 806 1837 ciere
829 1773 922 1837 modo
944 1773 1070 1837 nomina
1088 1773 1151 1837 sin-

126 1865 282 1952 gulorum,
301 1865 394 1928 modo
412 1864 582 1938 centuriam
600 1864 732 1946 quisque
750 1865 838 1930 cuius
856 1866 1056 1952 manipularis
1075 1878 1148 1942 erat,

126 1960 296 2035 cohortem,
310 1958 475 2044 legionem,
490 1958 601 2022 eadem
613 1957 757 2022 omnibus
771 1959 931 2024 imminere
940 1960 1148 2038 clamitantes3

127 2053 222 2119 simul
238 2052 353 2138 probra
369 2053 403 2116 in
427 2053 566 2138 legatum
592 2052 764 2131 cumulant,
792 2054 913 2131 caelum
935 2076 973 2118 ac
994 2055 1071 2118 deos
1093 2054 1150 2118 ob-

126 2156 294 2223 testantur,
312 2145 389 2209 nihil
405 2146 517 2229 reliqui
533 2146 653 2210 faciunt
670 2168 733 2229 quo
750 2147 854 2212 minus
872 2148 1034 2225 iuvidiam,
1057 2149 1150 2211 mise-

126 2241 303 2318 ricordiam,
321 2250 441 2305 metum
458 2250 490 2304 et
506 2240 568 2305 iras
585 2232 1006 2326 permoverent'adcurritur
1024 2241 1063 2305 ab
1081 2243 1151 2305 uni-

126 2335 237 2411 versis,
255 2344 286 2398 et
303 2356 425 2398 carcere
439 2333 565 2399 effracto
580 2335 704 2400 solvunt
721 2334 845 2398 vincula
862 2335 1096 2417 desertoresque
1114 2357 1151 2399 ac
1215 2334 1218 2341 ’

126 2450 232 2493 rerum
253 2427 433 2513 capitalium
455 2429 618 2492 damnatos
642 2426 702 2492 sibi
718 2428 782 2492 iam
803 2427 944 2492 miscent.
971 2428 1150 2513 flagrantior
1168 2449 1200 2495 aa

126 2523 199 2586 inde
213 2522 271 2599 vis,
290 2521 395 2607 plures
410 2521 554 2599 seditioni
568 2522 678 2586 duces:
697 2529 728 2585 et
741 2519 916 2586 Vibulenus
930 2523 1067 2606 quidam,
1081 2544 1151 2607 gre-

126 2616 233 2701 garius
255 2615 359 2692 miles,
385 2624 457 2680 aute
479 2616 614 2680 tribunal
636 2614 743 2679 Blaesi
764 2614 926 2680 adlevatus
949 2616 1151 2680 circumstan-

125 2709 205 2772 tium
221 2709 359 2774 humeris
377 2710 461 2795 apud
479 2708 618 2774 turbatos
636 2708 760 2792 etquid
780 2718 904 2794 pararet
919 2709 1055 2774 intentos
1075 2731 1150 2789 „vos

126 2803 277 2886 quidem“
300 2803 401 2886 inquit
424 2803 492 2883 „his
510 2802 726 2867 innocentibus
745 2812 776 2866 et
797 2802 978 2869 miserrimis
999 2803 1102 2868 lucem
1120 2813 1151 2867 et

127 2895 270 2981 spiritum
287 2896 480 2961 reddidistis:
505 2898 562 2961 sed
580 2896 650 2980 quis
673 2896 766 2960 fratri·
778 2898 849 2961 meo
866 2897 976 2975 vitam,
1000 2897 1070 2980 quis
1088 2897 1151 2961 sra-
1239 2919 1242 2923 ’

127 3001 206 3054 trem
219 2989 296 3054 mibi
307 2991 427 3055 reddit?
443 3013 538 3075 quem
551 2991 683 3056 missum
700 2991 741 3055 ad
754 3013 811 3056 vos
829 3014 849 3056 a
862 2988 1050 3057 Germanico
1063 3014 1151 3056 exer-

127 3084 191 3148 citu
209 3085 249 3148 de
272 3084 489 3150 communibus
510 3086 698 3162 commodis,
721 3096 813 3150 nocte
834 3086 977 3170 proxima
997 3086 1151 3172 iugulavit

126 3201 183 3263 per
197 3178 387 3265 gladiatores
402 3202 486 3257 suos,
505 3201 584 3262 quos
601 3180 635 3243 in
652 3180 781 3244 exitium
793 3180 928 3244 militum
944 3179 1039 3244 habet
1056 3189 1150 3262 atque

127 3282 236 3337 armat.
258 3275 422 3358 responde,
441 3272 565 3350 Blaese,
583 3272 639 3338 ubi
651 3274 785 3337 cadaver
802 3272 967 3351 abieceris3
985 3295 1024 3337 ne
1036 3273 1149 3337 hostes

127 3365 254 3448 quidem
272 3367 432 3451 sepultura
444 3367 593 3432 invident
616 3390 689 3431 cum
706 3367 831 3444 osculis,
851 3389 923 3431 cum
940 3367 1075 3430 lacrimis
1094 3367 1150 3429 do-

126 3459 225 3524 lorem
246 3482 352 3524 meum
372 3461 556 3546 implevero,
580 3484 630 3527 mc
651 3461 943 3544 quoqueltrucidarl
964 3459 1051 3536 iube,
1074 3460 1149 3522 dum

126 3553 305 3619 interfectos
326 3555 447 3619 nullum
470 3555 510 3621 ob
533 3556 649 3633 scelus,
678 3556 734 3620 sed
751 3555 825 3638 quia
845 3554 970 3619 utilitati
990 3553 1150 3639 legionum

126 3647 381 3726 considebamus,
408 3649 442 3712 hi
468 3648 652 3734 sepeliant.“
688 3647 874 3713 incendebat
899 3647 977 3711 haec
1002 3646 1090 3722 fletu,
1119 3656 1149 3709 et
1168 3666 1199 3712 23

125 3750 235 3825 pectus
253 3750 346 3824 atque
364 3762 399 3807 os
418 3742 562 3817 manibus
576 3742 753 3818 verberans,
772 3765 845 3805 mox
863 3740 1000 3805 disiectis
1018 3761 1148 3822 quorum

126 3856 181 3919 per
202 3835 350 3900 humeros
373 3836 597 3914 sustinebatur,
623 3858 773 3922 praeceps
796 3845 827 3899 et
848 3834 1041 3920 singulorum
1062 3834 1149 3920 pedi-

125 3937 184 4002 bus
199 3938 366 4004 advolutus
381 3949 501 4004 tantum
514 3939 772 4006 consternationis
790 3937 986 4019 invidiaeque
1005 3937 1147 4014 concivit,

124 4042 159 4095 ut
170 4054 246 4117 pars
259 4032 392 4097 militum
405 4033 592 4119 gladiatores
606 4034 660 4118 qui
674 4056 691 4097 e
705 4033 829 4097 servitio
842 4031 949 4096 Blaesi
962 4042 1057 4109 erant,
1075 4054 1156 4117 pars.

125 4137 262 4190 ceteram
279 4126 420 4191 eiusdem
442 4126 592 4193 familiam
610 4128 774 4204 vincirent,
802 4126 853 4190 alii
875 4127 916 4191 ad
937 4127 1147 4209 quaerendum
