2760 4874
399 386 604 444 suasurum
622 366 696 439 urta.
711 384 762 440 xr.
779 385 899 443 ar-aa
976 342 979 347 ’
1099 373 1158 437 191

139 480 298 532 amum

138 551 237 614 mium
255 547 369 623 fuerat,
389 545 570 627 cunctisque
589 543 713 620 civium,
733 542 867 607 sibonis
885 543 1003 620 artibus
1020 543 1159 621 fiderent,

138 645 258 722 licitum
275 650 380 726 petere
394 639 610 724 magistratum
629 659 665 702 ac
684 660 722 701 ne
741 647 826 701 aetas
845 638 972 720 quidem
989 639 1162 726 distingue-

140 737 239 813 batur,
258 735 333 818 quin
346 734 446 818 prima
455 734 584 796 iuventa
597 731 791 801 consulatum
810 741 841 794 et
858 731 1025 796 dictaturas
1039 733 1160 806 inirent.

139 831 195 894 sed
204 839 384 912 quaestores
393 826 520 912 regibus
531 827 622 889 etiam
634 835 699 888 tum
709 824 932 910 imperantibus
941 825 1073 890 instituti
1080 838 1161 903 sunt,

138 926 224 1008 quod
241 925 292 989 lex
310 923 427 986 curiata
446 921 581 985 ostendit
598 921 638 986 ab
651 922 692 984 L.
707 920 807 984 Bruto
820 920 968 1004 repetita3
987 923 1161 1005 mansitque

139 1017 319 1083 consulibus
333 1024 472 1101 potestas
486 1014 653 1100 deligendi,
672 1015 772 1078 donec
786 1035 858 1077 eum
871 1036 995 1097 quoque
1012 1015 1161 1080 honorem

138 1112 275 1197 populus
298 1111 472 1174 mandaret:
496 1109 652 1192 creatique
674 1107 809 1192 primum
827 1106 972 1172 Valerius
991 1108 1113 1173 Potitus
1133 1119 1164 1172 ct
1217 1185 1230 1198 .
1266 1149 1268 1154 -

138 1205 294 1270 Aemilius
312 1203 492 1267 Mamercus
512 1202 708 1287 sexagesimo
730 1202 920 1273 tertioanno
941 1211 1013 1286 post
1030 1202 1163 1286 Tarqui-

139 1300 216 1364 nios
227 1308 363 1374 exactos,
381 1306 499 1360 utrem
513 1296 676 1360 militarem
690 1295 917 1360 comitarentur.
941 1296 1012 1359 dein
1030 1297 1164 1382 gliscen-

139 1393 224 1458 tibus
246 1393 380 1478 negotiis
403 1392 466 1455 duo
488 1390 598 1466 additi,
622 1390 676 1473 qui
693 1390 821 1463 Romae,
836 1400 977 1455 curarent
984 1415 992 1468 3
1015 1414 1089 1455 mox
1104 1391 1164 1455 du-

139 1488 273 1573 plicatus
295 1506 457 1560 numerus,
482 1484 682 1568 stipendiaria
701 1485 766 1548 iam
782 1484 875 1549 Italia
896 1494 927 1548 et
944 1485 1163 1550 accedentibus

139 1580 370 1667 provinciarum
390 1577 611 1664 vectigalibus3
634 1587 706 1662 post
722 1578 793 1663 lege
813 1576 920 1643 Sullae
941 1579 1052 1665 viginti
1070 1581 1164 1665 creati

141 1675 316 1760 supplendo
343 1672 477 1749 senatui,
506 1673 557 1736 cui
577 1672 692 1736 iudicia
713 1672 895 1750 tradiderat,
923 1682 954 1737 et
975 1695 1164 1757 quamquam

140 1769 260 1852 equites
278 1767 394 1832 iudicia
409 1766 681 1850 reciperavissent,
699 1775 867 1850 quaestura
884 1776 989 1831 tamen
1006 1790 1046 1832 ex
1063 1769 1165 1863 digni-

141 1871 204 1926 tate
222 1862 457 1925 candidatorum
479 1865 533 1923 aut
554 1859 702 1924 facilitate
720 1858 921 1924 tribuentium
939 1862 1073 1946 gratuito
1092 1884 1165 1926 con-

141 1954 318 2032 cedebatur,
337 1955 436 2018 doneo
455 1953 607 2018 sententia
619 1951 805 2017 Dolabellae
822 1949 1163 2022 velut'venundaretur.

170 2082 187 2102 .·
204 2046 474 2124 A..V1rrcn10,L.
489 2046 642 2113 Vrrsrsuo
657 2046 837 2111 consulibus
852 2070 925 2112 eum
938 2048 977 2112 de
992 2049 1164 2133 supplendo
1183 2073 1215 2119 23

143 2153 253 2208 senatu
268 2141 444 2226 agitaretur,
459 2140 673 2225 primoresque
684 2138 815 2218 Galliae,
831 2162 911 2223 quae
925 2151 1046 2206 comata
1059 2144 1166 2227 appel-

140 2237 234 2313 latur,
253 2236 380 2300 foedera
398 2244 429 2299 et
446 2235 603 2298 civitatem
620 2234 796 2298 Romanam
813 2235 933 2319 pridem
951 2237 1095 2313 assecuti,
1114 2237 1164 2301 ius

140 2330 412 2415 adipiscendorum
437 2329 470 2392 in
491 2328 569 2392 urbe
592 2329 746 2393 honorum
768 2338 960 2412 expeterent,
987 2329 1104 2395 multus
1127 2353 1165 2395 ea

140 2447 235 2509 super
251 2447 285 2488 re
302 2424 469 2507 variusque
491 2446 596 2487 rumor
614 2416 645 2486 et
663 2422 774 2487 studiis
796 2422 928 2489 diversis
951 2424 1035 2507 apud
1052 2424 1165 2508 priuci-

139 2517 423 2603 pemeertabatur,
447 2516 692 2582 asseverantium
715 2539 777 2579 non
800 2516 879 2580 adeo
897 2538 1024 2601 aegram
1040 2517 1164 2581 Italiam

139 2621 175 2676 ut
193 2623 336 2676 senatum
350 2611 548 2696 suppeditare
562 2609 631 2674 urbi
644 2631 724 2674 suae
738 2610 892 2693 nequiret3
911 2601 1073 2683 suffecisse
1091 2611 1165 2675 olim

138 2706 302 2792 indigenas
322 2705 561 2789 consanguineis
579 2704 719 2789 populis,
738 2726 796 2768 nec
813 2704 975 2789 paenitere,
988 2705 1102 2781 veteris
1119 2707 1165 2775 rei

138 2800 296 2885 publicae3
314 2800 391 2882 quin
409 2799 511 2863 adhuc
528 2799 693 2862 memorari
712 2799 855 2883 exempla
872 2821 953 2882 quae
970 2800 1081 2884 priscis
1098 2823 1167 2864 mo·

123 2893 226 2973 xribus
248 2895 289 2957 ad
310 2893 455 2956 virtutem
474 2902 505 2956 ct
527 2892 658 2978 gloriam
676 2893 820 2957 Romana
842 2893 963 2958 indoles
984 2894 1163 2978 prodiderit.

138 3011 180 3052 au
197 3010 307 3072 parum
322 2987 409 3070 quod
422 2986 536 3052 Veneti
554 2996 585 3051 et
601 2987 752 3052 Insubres
771 2987 888 3053 curiam
905 2988 1086 3072 inruperint,
1104 2987 1165 3052 nisi

138 3091 246 3145 coetus
257 3081 509 3166 alienigenarum,
520 3079 706 3165 velutcapta
714 3083 754 3144 sit
763 3081 879 3158 civitas,
889 3080 1059 3145 inferatur?
1072 3103 1165 3164 quern

138 3175 220 3238 ultra
237 3174 386 3239 honorem
398 3174 531 3253 residuis
550 3173 710 3251 nobilium,
729 3184 784 3238 aut
801 3174 828 3237 si
846 3174 915 3258 quis
933 3196 1052 3260 pauper
1068 3175 1165 3247 eLa-

138 3269 182 3332 tio
201 3277 326 3348 senator
342 3268 441 3332 foret?
463 3267 641 3352 oppleturos
664 3267 768 3331 omnia
789 3267 901 3335 divites
923 3268 1008 3344 illos,
1032 3289 1164 3350 quorum

135 3362 190 3426 avi
207 3362 384 3446 proavique
393 3362 554 3429 hostilium
571 3361 732 3425 nationum
754 3362 850 3426 duces
869 3362 1022 3425 exercitus
1040 3369 1163 3425 nostros

136 3455 221 3520 ferro
238 3456 331 3540 vique
349 3456 529 3533 ceciderint,
552 3455 661 3519 divum
678 3455 794 3518 lulium
812 3455 896 3539 apud
913 3453 1055 3519 Alesiam
1073 3453 1164 3529 obse-

137 3551 253 3628 derint3
275 3552 411 3615 recentia
428 3552 518 3616 haee:
542 3551 618 3634 quid
637 3551 663 3615 si
680 3551 830 3614 memoria
852 3572 959 3614 eorum
980 3559 1163 3624 moveretur,

137 3645 192 3728 qui
202 3644 362 3728 ¹Capitolio
376 3656 406 3710 et
424 3669 478 3710 ara
491 3645 634 3709 Romana
647 3644 791 3709 manibus
806 3645 976 3708 eorundem
992 3664 1049 3728 per
1062 3665 1096 3706 se
1115 3666 1164 3708 sa-

137 3738 177 3802 tis
201 3736 291 3802 ***?
313 3739 489 3809 fruerentur
511 3762 585 3803 sane
607 3738 760 3803 vocabulo
783 3737 930 3802 ciuitatis:
952 3736 1088 3822 insignia
1108 3758 1164 3821 pa-

136 3841 233 3908 trum,
253 3833 366 3897 deeora
383 3834 623 3919 magistratuum
641 3855 680 3896 ne
699 3832 872 3918 vulgarent.

201 3925 264 3990 His
277 3936 371 4010 atque
381 3928 494 3992 talibus
508 3927 592 3991 haud
598 3936 759 4011 permotus
772 3926 917 4010 princeps
931 3934 962 3989 et
976 3924 1081 3989 statim
1089 3946 1163 3988 con·
1182 3942 1214 3988 24

134 4016 185 4083 tra
193 4019 341 4087 disseruit
354 4030 385 4085 et
395 4032 504 4086 vocato
520 4029 629 4086 senatu
643 4021 686 4084 ita
696 4043 825 4084 exorsus
840 4029 901 4084 est:
918 4018 1076 4097 „Maiores
1090 4018 1161 4095 mei,

136 4135 270 4196 quorum
293 4114 527 4198 antiquissimus
548 4113 698 4193 Clausus,
722 4113 841 4203 origine
861 4111 1108 4192 Sabina‚‚‚simul
1130 4113 1163 4177 in
