2760 4874
376 352 584 412 turturum
602 356 742 413 amru
760 357 880 412 ra-ar.
1075 344 1136 412 1‘27
1208 338 1274 451 ᾗ.

115 445 231 497 pactum.

115 512 155 578 ab
180 512 257 596 ipsis
280 511 438 594 quondam
463 509 639 590 incensum,
667 513 718 577 cui
742 536 857 578 nomen
873 513 1000 592 Auzea,
1026 516 1137 600 positis

114 605 289 691 mapalibus
308 606 501 683 consedisse,
519 606 594 671 fisos
611 606 694 685 loco,
713 608 787 690 quia
803 609 900 673 vastis
919 609 1035 675 circum
1053 610 1138 674 salti-

114 700 174 766 bus
193 699 408 764 claudebatur:
435 708 502 763 tum
524 701 686 784 expeditae
709 701 851 767 cohortes
873 703 1016 788 alaeque,
1043 726 1137 788 quam

113 797 146 859 in
162 803 284 879 partem
302 795 488 858 ducerentur
501 795 646 879 ignarae,
670 795 731 861 cito
753 797 878 881 agmine
898 797 1073 883 rapiuntur,
1097 800 1138 863 si-

114 888 241 970 mulque
263 896 392 971 coeptus
415 887 497 964 dies,
521 897 552 952 et
574 898 728 952 concentu
748 889 893 955 tubarum
915 912 952 955 ac
974 892 1054 955 truci
1076 891 1138 956 cla-

113 1005 199 1047 more
217 985 356 1047 aderant·
365 982 569 1047 semisomnos
587 983 620 1046 in
637 982 800 1061 barbaros,
823 985 1011 1070 praepeditis
1028 984 1138 1050 Numi-

113 1078 224 1142 darum
237 1077 325 1159 equis
340 1085 395 1140 aut
407 1076 548 1140 diversos
560 1085 670 1161 pastus
678 1078 918 1162 pererrantibus.
938 1078 977 1143 ab
986 1079 1137 1156 Romanis

114 1173 271 1238 confertus
285 1172 392 1257 pedes,
411 1171 580 1255 dispositae
590 1180 724 1249 turmae,
743 1181 856 1236 cuncta
867 1173 985 1258 proelio
997 1174 1137 1257 provisa:

113 1266 255 1331 hostibus
275 1273 382 1330 contra
398 1265 537 1329 omnium
556 1265 669 1331 nesciis
687 1287 750 1329 non
768 1289 867 1343 arma,
885 1289 950 1330 non
967 1267 1057 1343 ordo,
1074 1289 1139 1331 non

113 1361 291 1437 consilium,
316 1360 373 1424 sed
389 1381 539 1444 pecorum
561 1361 655 1424 modo
677 1360 771 1438 trahi,
795 1361 908 1438 occidi,
932 1362 1010 1446 capi.
1037 1361 1138 1425 infen-

114 1478 167 1520 sus
186 1455 274 1519 miles
293 1455 442 1519 memoria
455 1445 598 1519 laborum
616 1465 647 1520 et
665 1456 832 1520 adversum
846 1456 999 1521 eludentis
1014 1466 1138 1541 optatae

113 1549 226 1614 totiens
247 1570 373 1634 pugnae
392 1570 426 1613 se
448 1548 580 1632 quisque
602 1549 719 1614 ultione
738 1559 769 1614 et
786 1551 939 1636 sanguine
961 1550 1136 1635 explebant

113 1642 254 1706 differtur
274 1664 331 1726 per
351 1642 542 1727 manipulos,
566 1643 799 1709 Tacfarinatem
821 1667 944 1723 omnes,
966 1655 1075 1710 notum
1092 1655 1138 1710 tot

112 1735 251 1820 proeliis,
279 1745 509 1800 consectentur:
536 1759 599 1800 non
621 1737 683 1801 nisi
709 1737 788 1804 duce
810 1737 973 1803 interfecto
998 1739 1138 1822 requiem

113 1828 188 1893 belli
209 1828 293 1907 fore;
322 1839 354 1894 at
375 1829 427 1893 ille
450 1830 578 1895 deiectis
604 1831 722 1895 circum
745 1832 945 1917 stipatoribus
972 1833 1137 1919 vinctoque

111 1922 175 1986 iam
191 1922 256 1987 filio
274 1932 305 1988 et
322 1923 430 2006 effusis
448 1924 586 2009 undique
604 1924 756 1990 Romanis
774 1926 893 1990 ruendo
910 1926 944 1991 in
961 1925 1023 1989 tela
1040 1925 1138 2009 capti·

112 2016 343 2083 vitatemhaud
360 2017 575 2083 inulta-morte
593 2019 718 2104 effugit3
740 2018 830 2103 isque
847 2019 918 2084 finis
937 2019 1031 2084 armis
1048 2018 1138 2103 inpo-

113 2109 203 2182 situs,
214 2104 408 2177 ,Dolabellae
425 2112 543 2196 petenti
561 2111 670 2176 abnuit
687 2112 887 2198 triumphalia
904 2112 1058 2189 Tiberius,
1079 2110 1138 2176 Se·
1156 2132 1188 2178 26

111 2202 183 2268 iano
201 2203 350 2281 tribuens,
368 2226 408 2269 ne
424 2205 541 2283 Blaesi,
560 2206 707 2270 avunculi
721 2207 806 2284 eius,
824 2205 893 2270 laus
912 2204 1121 2270 obsolesceret
1127 2230 1136 2281 3

113 2297 170 2361 sed
185 2319 286 2380 neque
304 2297 438 2363 Blaesus
460 2298 532 2376 ideo
548 2299 720 2377 inlustrior,
745 2309 776 2363 et
793 2299 866 2362 huic
887 2307 1020 2383 negatus
1037 2297 1138 2362 honor
1197 2364 1202 2377 s

112 2391 243 2475 gloriam
255 2392 400 2456 intendit:
419 2393 534 2478 quippe
548 2394 667 2458 minore
681 2395 819 2458 exercitu
835 2393 967 2478 insignis
985 2393 1135 2477 captivos,

112 2489 241 2552 caedem
261 2488 350 2555 ducis
368 2489 503 2573 bellique
521 2489 655 2555 confecti
676 2489 794 2554 samam
811 2489 996 2574 deportarat.
1028 2510 1138 2571 seque-

112 2579 225 2670 bantur
242 2590 273 2645 et
286 2579 513 2647 Garamantum
525 2583 631 2669 legati,
648 2607 719 2648 raro
732 2583 765 2647 in
778 2583 856 2648 urbe
873 2582 943 2660 visi,
961 2603 1041 2665 quos
1056 2582 1137 2646 Tac-

112 2674 244 2740 farinate
258 2697 349 2741 caeso
357 2677 501 2761 perculsa
513 2699 592 2762 gens
605 2687 640 2741 at
652 2678 762 2762 culpae
776 2677 882 2742 nescia
890 2677 931 2741 ad
944 2675 1138 2741 satisfacien-

113 2769 188 2833 dum
208 2769 326 2854 populo
347 2770 491 2835 Romano
513 2771 649 2836 miserat.
677 2772 811 2859 cognitis
835 2771 947 2836 dehinc
963 2769 1137 2836 Ptolemaei

112 2884 169 2947 per
186 2863 219 2928 id
236 2863 353 2928 bellum
371 2865 481 2929 studiis
500 2867 650 2951 repetitus
669 2889 709 2932 ex
725 2866 940 2944 vetus'tomos,
959 2865 1136 2948 missusque

112 2978 131 3020 e
149 2956 343 3022 senatoribus
361 2959 416 3041 qui
433 2959 604 3044 scipionem
622 2960 790 3039 eburnum,
809 2970 916 3046 togam
932 2960 1062 3043 pictam,
1081 2982 1136 3022 an-

112 3050 199 3134 tiqua
223 3061 348 3137 patrum
372 3076 515 3131 munera,
543 3054 632 3118 daret
657 3077 826 3140 regemque
848 3064 880 3119 et
902 3053 1021 3118 socium
1043 3061 1136 3136 atque

113 3145 247 3214 amicum
265 3146 444 3231 appellaret.

176 3237 297 3304 Eadem
316 3249 540 3305 aestate-mota
560 3263 617 3325 per
633 3241 758 3305 Italiam
780 3240 900 3305 servilis
922 3239 997 3305 belli
1018 3239 1185 3304 seminant

112 3330 178 3396 fors
204 3333 372 3416 oppressit:
405 3343 512 3398 auctor
537 3334 688 3398 tumultus
716 3333 754 3397 Τ.
784 3333 955 3409 Curtisius,
979 3332 1138 3416 quondam

111 3427 283 3509 praetoriae
297 3424 437 3492 cohortis,
445 3427 545 3505 miles,
563 3428 665 3513 primo
679 3427 820 3492 coetibus
834 3425 1034 3491 clandestinis
1053 3424 1137 3508 apud

111 3518 315 3584 Brundisium
338 3531 369 3586 et
386 3521 584 3586 circumiecta
602 3521 729 3607 oppida,
753 3543 827 3586 mox
847 3519 958 3605 positis
973 3518 1136 3608 propalam

111 3611 223 3678 libellis
242 3615 283 3678 ad
299 3615 474 3680 libertatem
491 3615 625 3680 vocabat
641 3614 777 3702 agrestia
797 3637 854 3700 per
870 3613 1057 3699 longinquos
1076 3611 1137 3676 sal·

111 3716 163 3772 tus
181 3717 212 3773 et
229 3709 346 3775 ferocia
363 3711 503 3788 servitia,
526 3732 597 3775 cunr
615 3711 701 3774 velut
718 3731 846 3773 munere
863 3709 957 3772 deum
975 3716 1037 3771 tres
1055 3705 1137 3770 bire-

110 3825 179 3869 mes
206 3805 353 3890 adpulere
379 3807 420 3870 ad
443 3824 522 3870 ¹usus
549 3805 791 3870 commeantium
816 3803 870 3868 illo
896 3802 988 3880 mari3
1014 3810 1046 3865 et
1071 3809 1137 3864 erat

110 3896 213 3961 isdem
236 3898 417 3985 regionibus
442 3899 554 3965 Cutius
577 3901 692 3984 Lupus
718 3907 877 3982 quaestor,
905 3896 956 3961 cui
976 3894 1136 3981 provincia

111 3987 217 4059 vetere
233 4017 274 4059 ex
290 4017 376 4061 more
389 3996 483 4061 calles
497 4004 677 4061 evenerant:
696 3995 723 4059 is
741 3994 893 4079 disposita
906 3990 1135 4057 classiariorum

111 4088 202 4173 copia
215 4098 410 4175 coeptantem
425 4113 497 4156 cum
509 4090 645 4156 maxime
659 4089 901 4182 coniurationem
911 4083 1047 4164 disiecit3
1060 4085 1135 4150 mis·
