2760 4874
236 377 298 442 118
603 382 786 440 CORNELII
800 383 930 440 TACITI

233 546 340 622 nonia,
363 545 443 608 duae
465 543 498 606 in
519 541 644 606 Moesia
665 536 851 618 attinebant,
874 541 1002 606 totidem
1026 543 1110 627 apud
1126 480 1258 610 Ilelliil

233 643 308 706 tiam
330 639 453 715 locatis,
477 658 557 721 quae
579 635 683 721 positu
704 636 841 721 regionis
860 659 879 700 a
896 644 984 721 tergo
1001 636 1077 714 illis,
1100 659 1138 702 ac
1160 638 1188 703 si
1209 661 1259 703 re-

231 734 395 820 pentinum
408 726 559 796 auxilium
571 729 664 808 Italia
675 739 827 815 posceret,
846 729 936 794 haud,
947 729 1055 814 procul
1074 731 1257 810 aoeirentur,

232 848 422 911 quamquam
439 823 587 888 insideret
607 823 718 888 urbem
734 823 878 909 proprius
896 823 1000 900 miles,
1023 832 1086 888 tres
1108 824 1256 903 urbanae,

231 942 346 986 novem
362 917 535 1005 praetoriae
553 917 709 994 cohortes,
728 916 856 984 Etruria
873 917 972 981 ferme
989 916 1185 1002 Umbriaque
1203 919 1259 984 de·

230 1015 329 1079 lectae
348 1023 401 1077 aut
418 1021 524 1076 vetere
541 1011 636 1076 Latio
654 1020 686 1075 et
703 1011 831 1077 coloniis
850 1011 1021 1094 antiquitus
1037 1011 1201 1077 Romanis.
1225 1022 1258 1076 at
1326 1077 1332 1087 ,

159 1156 172 1197 ·.
231 1109 315 1195 apud
327 1109 440 1173 idonea
452 1106 681 1192 provinciarum
696 1106 799 1171 sociae
817 1106 957 1170 triremes
976 1106 1106 1191 alaeque
1123 1116 1155 1171 et
1168 1107 1258 1170 auxi-

230 1204 272 1267 lia
290 1202 477 1278 cohortium,
500 1222 602 1283 neque
620 1199 718 1264 multo
741 1221 832 1264 secus
848 1199 883 1263 in
904 1200 943 1264 iis
961 1200 1089 1264 virium:
1112 1200 1169 1264 sed
1186 1222 1258 1285 per-

231 1297 320 1380 sequi
332 1296 486 1360 incertum
499 1294 558 1359 fuit
572 1316 643 1358 cum
657 1317 697 1358 ex
709 1316 770 1358 usu
783 1294 931 1378 temporis
945 1293 1006 1358 huc
1020 1294 1093 1359 illuc
1106 1304 1255 1372 mearent,

229 1389 397 1476 gliscerent
414 1409 542 1451 numero
560 1396 593 1465 et
608 1386 776 1470 aliquando
793 1387 1014 1451 minuerentur.
1033 1424 1036 1437 ·

198 1505 212 1552 6
296 1481 481 1568 Congruens
513 1479 697 1545 crediderim
726 1491 1038 1546 recensereceteras·
1060 1502 1184 1564 quoque
1210 1481 1257 1546 rei

229 1575 373 1662 publicae
390 1584 509 1660 partes,
532 1573 646 1658 quibus
664 1574 765 1638 modis
784 1573 824 1638 ad
847 1596 916 1639 eam
939 1575 1022 1638 diem
1039 1574 1164 1639 habitae
1182 1575 1254 1652 sint,

140 1670 144 1675 ’
230 1670 377 1754 quoniam
390 1668 517 1733 Tiberio
531 1667 642 1731 mutati
658 1667 691 1731 in
708 1667 844 1733 deterius
857 1668 1050 1753 principatus
1063 1668 1186 1731 initium
1202 1667 1255 1732 ille

230 1786 330 1828 annus
353 1761 463 1827 attulit.
493 1762 555 1827 iam
572 1750 708 1847 primum
728 1760 855 1846 publiea
872 1763 999 1848 negotia
1016 1771 1047 1826 et
1062 1761 1255 1847 privatorum

230 1856 368 1920 maxima
388 1855 473 1940 apud
494 1864 599 1940 patres
621 1853 833 1929 tractabantur
855 1854 1049 1938 dabaturque
1066 1854 1254 1939 primoribus

230 1950 381 2014 disserere
403 1958 434 2012 et
455 1949 488 2012 in
509 1948 718 2013 adulationem
742 1949 849 2035 lapsos
872 1948 1037 2014 cohibebat
1057 1948 1140 2033 ipse3
1166 1968 1255 2042 man-

230 2043 386 2127 dabatque
403 2043 537 2108 honores
555 2042 749 2108 nobilitatem
772 2045 939 2122 maiorum,
964 2044 1180 2114 claritudinem
1196 2045 1255 2110 mi-

229 2137 327 2214 litiae,
354 2136 499 2203 inlustres
522 2137 608 2202 domi
629 2147 712 2202 artes
735 2138 920 2222 spectando,
946 2147 981 2202 ut
1004 2138 1079 2203 satis
1098 2146 1255 2203 constaret

229 2254 292 2296 non
310 2230 387 2296 alios
405 2231 541 2317 potiores
559 2226 668 2296 fuisse.
692 2254 750 2296 sua
767 2231 963 2309 consulibus,
983 2255 1041 2296 sua
1057 2230 1253 2317 praetoribus

230 2326 366 2411 species3
385 2326 539 2390 minorum
556 2347 680 2409 quoque
693 2326 933 2412 magistratuum
946 2325 1082 2390 exercita
1098 2333 1252 2411 potestas3

228 2419 391 2505 legesque,
411 2419 438 2484 si
454 2418 625 2483 maiestatis
648 2419 790 2502 quaestio
808 2419 1008 2497 eximeretur,
1030 2418 1113 2484 bono
1130 2418 1165 2483 in
1182 2441 1251 2482 usu.

228 2522 261 2578 at
289 2513 446 2577 frumenta
472 2522 504 2576 et
528 2513 679 2597 pecuniae
708 2513 893 2600 vectigales,
925 2522 1028 2578 cetera
1056 2512 1253 2598 publicorum

228 2606 385 2672 fructuum
414 2606 613 2672 societatibus
641 2607 779 2690 equitum
805 2606 1019 2672 Romanorum
1046 2606 1252 2692 agitabantur.

228 2721 278 2764 res
297 2723 370 2764 suas
389 2697 508 2764 Caesar
531 2701 759 2785 spectatissimo
777 2701 903 2784 cuique,
927 2699 1116 2784 quibusdam
1137 2700 1253 2785 ignotis

229 2814 268 2856 ex
290 2791 375 2856 fama
400 2792 571 2861 mandabat
592 2793 750 2878 semelque
776 2794 936 2884 adsumpti
961 2792 1146 2858 tenebantur
1166 2815 1254 2877 pror-

229 2911 283 2952 sus
302 2889 369 2953 sine
383 2882 485 2965 modo,
504 2888 729 2974 complerique
746 2889 847 2954 isdem
860 2889 994 2975 negotiis
1011 2889 1251 2952 insenescerent.

227 2982 328 3067 plebis
343 2982 414 3046 aori
439 2983 566 3064 quidem
591 3006 715 3048 annona
740 2983 944 3070 fatigabatur,
972 2983 1028 3048 sed
1053 2981 1139 3046 nulla
1159 2981 1193 3045 in
1215 3003 1253 3046 eo

131 3114 133 3119 ·
228 3075 320 3160 culpa
338 3098 377 3140 ex
394 3076 547 3161 principe:
566 3077 642 3159 quin
659 3077 876 3142 infecunditati
893 3086 1044 3141 terrarum
1061 3086 1116 3140 aut
1133 3076 1252 3160 asperis

227 3170 321 3234 maris
340 3169 465 3234 obviam
482 3170 526 3247 iit,
545 3180 696 3254 quantum
709 3171 867 3256 impendio
881 3170 1103 3256 diligentiaque
1120 3177 1251 3254 poterat.

228 3271 315 3329 etna
332 3264 510 3349 provinciae
527 3265 617 3330 novis
635 3264 781 3330 oneribus
796 3263 1009 3340 turbarentur,
1032 3272 1129 3346 utque
1146 3271 1253 3327 vetera

228 3358 295 3422 sine
312 3358 442 3422 avaritia
459 3367 513 3423 aut
530 3358 711 3424 crudelitate
729 3359 969 3444 magistratuum
987 3357 1162 3432 tolerarent,
1179 3377 1253 3440 pro-

227 3450 366 3516 videbat:
386 3473 551 3536 corporum
562 3451 702 3530 verbera,
716 3447 930 3536 ademptiones
945 3450 1098 3516 bonorum
1112 3448 1251 3514 aberant

195 3545 292 3612 rrari
313 3567 370 3630 per
394 3544 519 3609 Italiam
545 3544 690 3612 Caesaris
722 3546 803 3632 agri,
834 3545 976 3611 modesta
995 3543 1140 3620 servitia,
1171 3543 1253 3606 intra

226 3660 344 3722 paucos
370 3637 498 3708 libertos
525 3639 652 3714 domus3
679 3660 716 3702 ao
743 3639 770 3703 si
791 3639 917 3721 quando
940 3659 1012 3701 eum
1032 3636 1162 3722 privatis
1189 3635 1253 3699 dis-

228 3741 377 3816 ceptaret,
397 3732 501 3797 forum
519 3742 550 3796 et
567 3733 625 3796 ius.
706 3762 708 3766 ⁴

118 3904 124 3913 ,
291 3821 382 3906 Quae
408 3836 534 3904 cuncta,
560 3849 624 3892 non
646 3827 772 3909 quidem
795 3826 876 3890 comi
897 3825 1027 3890 viarscd
1048 3823 1192 3888 horridus
1214 3845 1251 3886 ao

122 3918 127 3927 '
226 3917 409 4001 plerumque
423 3919 618 3997 formidatus,
631 3920 785 3985 retinebat
799 3930 912 3996 tamen,
927 3918 1026 3983 donec
1039 3926 1138 3982 morte
1151 3915 1251 3980 Drusi
1346 3992 1348 3996 Ι

227 4020 432 4077 verterenturr
454 4037 528 4078 nam
551 4014 626 4077 dum
649 4014 816 4099 superfuit,
839 4029 995 4090 mansere,
1019 4012 1092 4094 quia
1115 4009 1250 4076 Seianus
1319 4037 1344 4079 ,·

227 4101 392 4188 incipiente
410 4106 512 4171 adhuc
529 4107 669 4191 potentia
682 4107 771 4172 bonis
790 4106 927 4172 consiliis
941 4115 1100 4171 notescere
1114 4102 1248 4179 volebat,

87 4555 115 4592 ¹·-
221 4398 262 4592 ι
