2760 4874
265 398 310 463 44
631 406 814 465 CORNELII
828 406 957 463 TACITI

1177 509 1197 538 a.
1207 511 1229 538 u.
1240 502 1287 540 soe.

266 568 367 620 luctus.
402 564 444 618 83.
458 565 580 617 honores
594 562 620 616 ei
634 562 750 616 decreti.
785 556 826 615 84.
840 561 923 615 Livia
935 561 1031 616 Druso
1046 563 1183 632 gemellos
1200 565 1286 633 parit.

265 643 307 697 85.
319 641 427 696 scitain
441 640 587 694 libidinem
597 639 752 692 mulierum.
770 638 854 707 pulsa
870 635 1105 707 sacraAegyptIa
1121 643 1150 693 et
1158 639 1285 696 Iudaica.

264 719 307 773 86.
318 716 539 787 captaVestalis.
556 716 599 770 87.
608 715 749 768 frumento
759 714 878 783 pretium
889 714 1078 768 constitutum.
1096 731 1186 769 novos
1196 715 1286 772 hono·

265 812 310 849 res
321 798 467 848 aversatur
475 791 614 847 Tiberius.
631 792 673 846 88.
682 789 800 844 Arminii
809 791 912 845 caedes
922 797 951 844 et
958 791 1147 859 praeconium.

316 871 397 924 Haec
411 874 492 940 gesta
506 868 588 922 annis
602 872 744 938 quattuor,
763 884 835 921 coss.
846 868 880 920 Τ.
895 866 1007 922 Statilio
1019 865 1140 922 Sisenna
1149 869 1246 923 Tauro
1257 876 1287 924 et

265 948 299 1001 L.
309 945 456 1000 Scribonio
471 945 593 1014 Libone,
607 941 637 997 C.
652 941 748 997 Caelio
758 943 835 999 Rufo
849 950 879 997 et
891 943 925 997 L.
939 944 1097 1014 Pomponio
1110 945 1228 1015 Flacco,
1242 946 1286 1000 Ti.

266 1023 388 1078 Caesare
397 1021 528 1092 Augusto
537 1016 590 1075 III.
605 1025 634 1076 et
644 1019 812 1077 Germanico
823 1018 944 1076 Caesare
954 1020 993 1091 Π,
1002 1021 1041 1076 M.
1050 1021 1133 1076 lunio
1142 1020 1241 1078 Silano
1257 1029 1287 1079 et

266 1099 296 1155 C.
306 1099 442 1155 Norbano
452 1099 566 1154 Flacco.

670 1214 879 1225 ——...—

235 1325 245 1370 1
331 1303 461 1372 Sissrrs
485 1303 625 1372 Srsrnro
647 1305 770 1383 Tauro,
800 1307 841 1370 L.
858 1305 978 1373 Lmosn
997 1304 1177 1372 consulibus
1199 1323 1286 1371 mota

267 1397 406 1464 Orientis
422 1421 520 1485 regna
537 1399 776 1484 provinciaeque
792 1398 968 1477 Romanae,
995 1398 1083 1463 initio
1105 1400 1190 1484 apud
1207 1399 1286 1464 Par-

266 1493 337 1557 thos
355 1493 509 1576 orto,-qui
525 1492 656 1578 petitum
674 1491 776 1555 Roma
793 1501 1018 1576 acceptumque
1034 1514 1156 1577 regem,
1175 1514 1286 1575 quam-

265 1586 313 1650 vis
339 1587 441 1672 gentis
462 1584 701 1662 Arsacidarum,
727 1593 763 1648 ut
788 1594 951 1650 externum
972 1585 1231 1670 aspernabantur:
1258 1587 1285 1651 is

265 1678 326 1742 fuit
333 1678 493 1756 Vonones,
513 1677 606 1743 obses
615 1677 763 1764 Augusto
776 1677 868 1743 datus
883 1678 1061 1756 aPhraate3
1078 1701 1153 1743 nam
1164 1679 1286 1744 Phraa-

266 1782 313 1837 tes
339 1793 529 1855 quamquam
555 1771 726 1856 depulisset
752 1772 906 1836 exercitus
933 1772 1091 1855 ducesque
1113 1772 1285 1850 Romanos,

266 1874 377 1930 cuncta
394 1865 608 1929 venerantium
626 1865 730 1930 officia
747 1865 788 1929 ad
799 1864 983 1952 Augustum
1000 1874 1134 1930 verterat
1150 1875 1287 1951 partem-

266 1981 326 2043 que
338 1959 433 2044 prolis
446 1958 616 2043 firmandae
629 1959 782 2024 amicitiae
795 1960 931 2037 miserat,
949 1960 1033 2025 haud
1045 1959 1174 2044 perinde
1186 1961 1286 2025 nostri

266 2061 351 2116 metu
368 2074 462 2139 quam
479 2051 552 2116 fidei
569 2052 765 2137 popularium
783 2052 916 2117 diffisus.
1242 2076 1246 2081 ·

233 2160 248 2207 2
329 2145 408 2220 Post
425 2144 519 2209 finem
536 2145 681 2210 Phraatis
700 2155 731 2210 et
749 2146 945 2228 sequentium
961 2168 1072 2232 regum
1090 2145 1130 2211 ob
1148 2147 1285 2212 internas

266 2238 378 2303 caedes
395 2260 508 2303 venere
529 2239 563 2303 in
579 2238 689 2304 urbem
705 2238 802 2324 legati
819 2263 839 2304 a
860 2239 1046 2323 primoribus
1063 2238 1205 2318 Parthis,
1232 2240 1288 2323 qui

265 2332 440 2410 Vononem,
459 2333 705 2397 vetustissimum
721 2332 889 2398 liberorum
903 2333 979 2410 eius,
999 2332 1142 2397 accirent.
1165 2333 1287 2418 magni-

266 2426 360 2490 ficum
378 2426 411 2496 id
428 2426 488 2491 sibi
506 2426 764 2492 crediditCaesar
781 2427 929 2509 auxitque
947 2426 1070 2511 opibus,
1089 2435 1120 2491 et
1138 2448 1286 2512 accepere

266 2519 390 2589 barbari
411 2519 576 2598 laetantes,
595 2530 630 2584 ut
651 2520 749 2586 ferme
771 2521 812 2584 ad
829 2543 911 2584 nova
928 2521 1066 2606 imperia.
1098 2543 1172 2584 mox
1190 2520 1287 2585 subiit

266 2612 380 2697 pudor:
399 2613 637 2698 degeneravisse
645 2613 779 2678 Parthos
786 2639 794 2692 ;
812 2614 945 2699 petitum
954 2615 1015 2678 alio
1028 2637 1068 2678 ex
1081 2613 1156 2678 orbe
1169 2636 1285 2700 regem,

266 2706 403 2770 hostium
422 2705 539 2770 artibus
562 2707 726 2785 infectum;
747 2709 811 2771 iam
832 2708 912 2772 inter
933 2707 1108 2792 provincias
1126 2708 1285 2773 Romanas

268 2799 381 2863 solium
407 2796 631 2862 Arsacidarum
656 2799 765 2864 haberi
790 2801 932 2883 darique3
964 2801 1019 2866 ubi
1043 2800 1128 2864 illam
1155 2800 1287 2886 gloriam

268 2892 488 2956 trucidantium
507 2891 668 2970 Crassum,
695 2893 926 2958 exturbantium
944 2892 1127 2971 Antonium,
1155 2895 1183 2958 si
1200 2918 1287 2959 man-

267 2977 384 3061 cipium
411 2969 571 3054 Caesaris,
602 2987 648 3042 tot
672 3000 728 3062 per
759 3001 857 3044 annos
884 2980 1065 3043 servitutem
1089 3001 1286 3063 perpessum,

266 3069 392 3135 Parthis
410 3071 583 3155 imperitet?
604 3071 793 3136 accendebat
810 3072 1014 3158 dedignantes
1033 3073 1162 3157 etipse,
1185 3073 1288 3137 diver-

269 3187 322 3228 sus
337 3189 356 3228 a
368 3164 520 3229 maiorum
533 3165 691 3242 institutis,
705 3189 775 3230 raro
789 3175 912 3243 venatu,
929 3167 1018 3252 segni
1031 3189 1185 3250 equorum
1196 3189 1285 3244 cura;

268 3259 410 3341 quotiens
427 3281 484 3343 per
500 3258 593 3324 urbes
611 3259 776 3336 incederet,
794 3259 922 3324 lecticae
939 3261 1122 3345 gestamine,
1141 3260 1287 3344 fastuque

268 3375 343 3437 erga
368 3353 484 3437 patrias
511 3352 633 3438 epulas3
664 3352 878 3418 inridebantur
903 3363 935 3417 et
957 3351 1072 3418 Graeci
1098 3354 1227 3419 comites
1250 3374 1287 3418 ao

268 3446 419 3512 uilissima
435 3446 614 3510 utensilium
632 3446 724 3510 anulo
742 3446 863 3524 clausa3
882 3447 938 3510 sed
951 3447 1086 3532 prompti
1100 3448 1213 3524 aditus,
1233 3445 1288 3511 ob·

268 3541 320 3604 via
336 3541 479 3604 comitas:
502 3541 627 3626 ignotae
643 3540 769 3604 Parthis
787 3541 931 3618 virtutes,
950 3564 1032 3608 nova
1049 3541 1138 3618 vitia,
1166 3541 1197 3604 et
1215 3541 1288 3624 quia

268 3635 407 3719 ipsorum
424 3633 562 3698 moribus
580 3634 689 3710 aliona,
707 3633 835 3718 perinde
853 3634 959 3698 odium
975 3635 1080 3719 pravis
1095 3645 1126 3698 et
1138 3634 1286 3698 honestis.

235 3736 250 3782 3
327 3728 430 3813 Igitur
444 3726 636 3805 Artabanus,
655 3725 879 3791 Arsacidarum
897 3750 914 3791 e
933 3728 1099 3813 sanguine,
1118 3727 1204 3811 apud
1220 3726 1288 3792 Da-

268 3820 325 3884 has
339 3820 463 3885 adultus
478 3820 596 3884 excitur
608 3821 770 3905 primoque
784 3842 956 3907 congressu
969 3822 1059 3886 fusus
1068 3831 1193 3905 reparat
1205 3821 1286 3885 vires

268 3935 427 3998 regnoque
448 3914 572 3998 potitur.
603 3914 686 3979 victo
704 3913 830 3979 Vononi
850 3915 1030 4001 perfugium
1046 3914 1199 3995 Armenia
1217 3913 1286 3990 fuit,

269 4029 369 4071 vacua
390 4017 464 4072 tunc
488 4009 628 4092 interque
649 4008 837 4074 Parthorum
859 4019 890 4073 et
911 4009 1071 4074 Romanas
1094 4030 1169 4094 opes
1192 4007 1288 4071 infida

269 4099 310 4166 ob
323 4102 433 4166 scelus
451 4100 594 4180 Antonii,
617 4103 672 4187 qui
688 4100 902 4181 Artavasden,
928 4126 1036 4190 regem
1053 4101 1285 4176 Armeniorum,
