2760 4874
187 410 196 428 ·
257 377 321 442 274
474 306 509 361 1
606 382 788 439 CORNELII
801 381 934 436 TAClTl

1175 484 1196 515 ι.
1208 487 1229 516 u.
1238 479 1284 517 sm.

258 547 363 610 minax
377 543 543 617 excideret,
558 540 634 604 nihil
648 562 704 625 per
717 540 923 605 temeritatem
935 540 1192 626 proloqueretur?
1210 566 1285 609 saue

257 638 421 703 consilium
435 636 612 712 occultavit,
631 634 727 699 telum
744 633 825 698 inter
836 634 963 720 ignaros
980 635 1116 719 paravit:
1134 659 1213 700 num
1231 660 1286 702 cx·

257 731 365 796 cubias
384 731 542 806 transiret,
561 728 697 793 cubiculi
714 728 799 792 fores
816 728 1002 805 recluderet,
1019 728 1128 793 lumen
1144 730 1283 808 inferret,

256 825 384 890 caedem
407 833 542 908 patraret
568 821 714 888 omnibus
735 821 871 886 nesciis?
896 822 995 886 multa
1017 822 1146 888 sceleris
1167 824 1285 888 indicia

256 916 472 1003 praeveniunt:
492 915 574 979 servi
592 914 619 977 si
636 914 779 999 prodant,
797 936 968 1000 possumus
982 913 1098 1002 singuli
1115 916 1198 981 iuter
1214 917 1284 1003 plu-

255 1033 321 1087 res,
343 1009 401 1073 tuti
422 1009 502 1073 inter
523 1006 648 1084 anxios,
673 1017 847 1092 postremo,
874 1007 902 1073 si
922 1009 1118 1094 pereundum
1141 1009 1197 1086 sit,
1221 1033 1283 1074 non

256 1102 345 1167 inulti
357 1102 438 1166 inter
450 1110 598 1166 nocentes
612 1123 716 1186 agere.
740 1111 888 1186 suspecta
900 1101 1070 1167 maioribus
1084 1102 1201 1166 nostris
1215 1102 1283 1166 fue-

255 1205 327 1260 runt
339 1194 466 1281 ingenia
479 1214 641 1258 servorum
653 1193 750 1258 etiam
762 1216 835 1258 enm
852 1194 887 1258 in
899 1195 984 1281 agris
1002 1204 1062 1259 aut,
1073 1194 1222 1260 domibus
1240 1195 1283 1259 is·
1367 1241 1370 1250 .

255 1290 326 1353 dem
348 1296 549 1353 nascerentur
570 1287 791 1371 caritatemque
812 1288 1011 1353 dominorum
1032 1289 1138 1354 statim
1160 1289 1283 1374 accipe-

254 1392 335 1447 rent:
353 1392 521 1467 postquam
538 1404 613 1445 vero
626 1381 768 1447 nationes
785 1381 820 1445 iu
835 1382 964 1447 familiis
982 1381 1147 1460 habemus,
1165 1382 1282 1466 quibus

255 1476 368 1541 diversi
382 1475 469 1551 ritus,
489 1485 616 1539 externa
629 1497 717 1539 sacra
734 1484 788 1540 aut
800 1475 887 1540 nulla
904 1486 986 1554 suut,
1004 1475 1171 1541 colluviem
1187 1476 1282 1542 istam

255 1592 317 1633 non
338 1568 398 1632 uisi
426 1579 511 1632 metu
533 1569 717 1633 coercueris.
749 1579 782 1633 at
803 1568 932 1652 quidam
952 1569 1093 1634 insontes
1119 1569 1281 1660 peribunt:

255 1685 328 1725 nam
345 1672 376 1726 et
393 1683 433 1724 ex
455 1661 526 1724 suso
544 1661 683 1725 exercitu
704 1683 777 1726 cum
799 1661 941 1727 decimus
962 1663 1095 1746 quisque
1112 1663 1191 1728 fusti
1209 1663 1282 1728 feri-

255 1766 313 1829 tur,
332 1752 425 1817 etiam
440 1752 557 1817 strenui
571 1753 749 1818 sortiuntur.
772 1754 867 1820 habet
879 1755 997 1839 aliquid
1010 1778 1050 1821 ex
1061 1756 1171 1839 iniquo
1189 1778 1282 1822 omne

255 1869 405 1933 magnum
419 1846 607 1931 exemplum,
625 1847 710 1929 quod
724 1856 832 1912 contra
845 1847 987 1934 singulos
1005 1848 1138 1915 utilitate
1154 1849 1282 1935 publica

254 1939 469 2025 rependitur.“
1067 2012 1070 2023 ¹

155 2067 158 2071 ·
205 2061 236 2106 45
320 2033 499 2100 Sententiae
518 2032 624 2098 Cassii
642 2045 676 2098 ut
693 2056 786 2099 nemo
803 2057 884 2100 unus
898 2044 1010 2100 contra
1031 2036 1079 2101 ire
1101 2059 1200 2103 artsus
1223 2048 1279 2116 cst,

253 2131 297 2194 ita
310 2129 456 2193 dissonae
470 2150 563 2192 voces
577 2127 808 2213 respondebant
820 2151 986 2194 numerum
1002 2139 1057 2195 aut
1074 2141 1210 2196 aetatem
1228 2143 1281 2197 aut

255 2246 366 2287 sexum
383 2245 420 2286 ac
433 2221 637 2307 plurimorum
649 2221 810 2287 indubiam
823 2222 1032 2291 innocentiam
1049 2225 1279 2305 miserantium3

253 2317 426 2403 praevaluit
452 2326 557 2381 minen
577 2338 651 2401 pars
677 2338 758 2399 quae
784 2317 973 2402 supplicium
994 2318 1191 2384 decernebat.
1224 2322 1280 2385 sed

254 2410 461 2495 obtemperari
482 2432 546 2474 uon
566 2418 700 2494 poterat,
724 2409 912 2496 conglobata
933 2410 1130 2477 multitudine
1149 2422 1181 2476 ct
1202 2435 1279 2478 saxa

254 2526 290 2568 ac
311 2504 397 2568 faces
420 2502 567 2568 minante.
599 2513 667 2566 tum
690 2502 809 2568 Caesar
829 2504 981 2589 populum
1002 2505 1105 2569 edicto
1126 2504 1278 2591 increpuit

249 2609 346 2681 ‚atque
364 2621 455 2662 omne
469 2598 536 2673 iter,
556 2619 618 2680 quo
636 2597 774 2661 damnati
792 2598 832 2662 ad
848 2620 983 2683 poenam
1000 2598 1202 2676 ducebantur,
1222 2601 1277 2663 mi·

254 2690 394 2754 litoribus
412 2691 576 2775 praesidiis
596 2691 721 2774 saepsit.
751 2701 914 2755 censuerat
932 2690 1107 2777 Cingonius
1125 2691 1228 2758 Varro
1246 2703 1279 2757 ut

253 2783 354 2846 liberti
376 2805 513 2866 quoque,
541 2784 595 2866 qui
618 2783 677 2847 sub
701 2785 810 2848 eodem
832 2794 913 2849 tecto
935 2785 1084 2866 fuissent,
1110 2785 1204 2850 Italia
1226 2787 1280 2851 de-

252 2884 461 2958 portarentur:
489 2877 522 2938 id
543 2899 562 2939 a
583 2877 723 2960 principe
745 2877 935 2962 prohibitum
957 2888 1019 2956 est,
1045 2900 1086 2943 ne
1108 2903 1177 2945 mos
1199 2881 1278 2944 anti-

253 2989 348 3051 quus,
367 2989 460 3050 quem
479 2967 690 3034 misericordia
707 2994 771 3035 nou
789 2971 955 3050 minuerat,
977 2995 1034 3058 per
1051 2973 1214 3038 saevitiam
1232 2975 1278 3039 in·

253 3063 437 3128 tenderetur.
872 3129 877 3134 ,

201 3181 234 3229 as
315 3156 494 3221 Damnatus
516 3156 617 3222 isdem
639 3158 821 3224 consulibus
840 3159 1020 3242 Tarquitius
1037 3159 1168 3224 Priscus
1190 3184 1278 3246 repe-

252 3252 419 3316 tundarum
431 3250 576 3336 Bithynis
590 3252 862 3338 interrogantibus,
881 3252 996 3338 magno
1008 3262 1134 3339 patrum
1151 3255 1276 3340 gaudio,

252 3346 306 3429 qui
323 3355 504 3409 accusatum
526 3345 566 3409 ab
584 3368 621 3409 eo
641 3344 800 3411 Statilium
818 3345 972 3422 Taurum,
994 3348 1214 3432 proconsulem
1231 3349 1278 3434 ip

253 3440 333 3515 sius,
360 3438 573 3503 meminerant.
607 3438 732 3504 Census
758 3461 815 3524 per
837 3436 958 3504 Gallias
980 3463 1000 3504 a
1023 3439 1063 3521 Q.
1087 3438 1222 3506 Volusio
1248 3452 1278 3507 et

254 3530 363 3597 Sextio
380 3530 532 3596 Africano
550 3529 769 3616 Trebellioque
786 3531 929 3597 Maximo
952 3533 1013 3597 acti
1035 3543 1122 3611 sunt,
1145 3535 1277 3599 aemulis

252 3625 332 3689 inter
350 3647 383 3689 se
395 3647 461 3710 ,per
482 3624 674 3691 nobilitatem
693 3624 825 3689 Volusio
847 3635 940 3708 atque
958 3624 1125 3723 Africano:
1148 3628 1279 3692 Trebel-

204 3744 207 3750 ’
252 3719 328 3783 lium
346 3720 422 3783 dum
439 3728 569 3803 uterque
587 3721 786 3805 dedignatur,
806 3742 900 3804 supra
917 3720 1024 3785 tulere.

202 3837 232 3883 47
316 3813 367 3878 Eo
385 3836 466 3877 anno
485 3823 615 3878 mortem
633 3813 710 3879 obiit
726 3813 898 3877 Memmius
912 3814 1065 3900 Regulus,
1084 3816 1277 3893 auctoritate,

253 3907 440 3994 constantia,
467 3908 565 3984 fama,
593 3907 625 3971 in
647 3918 798 3992 quantum
819 3906 1059 3991 praeumbrante
1080 3907 1277 3995 imperatoris

254 4002 379 4085 fastigio
397 4003 501 4078 datur,
524 4002 641 4079 clarus,
665 4004 743 4067 adeo
766 4011 800 4065 ut
816 4001 900 4066 Nero
919 4024 1014 4088 aeger
1030 4002 1225 4080 valetudiue,
1248 4013 1279 4066 ct

254 4092 450 4158 adulantibus
473 4095 590 4159 circum
612 4097 665 4178 qui
682 4096 777 4161 finem
798 4095 929 4181 imperio
951 4097 1063 4160 adesse
1085 4096 1233 4162 dicebant
1251 4095 1278 4159 si
