2760 4874
378 383 584 440 ANNALIUM
598 385 672 438 LIB.
682 384 761 442 XVI⁴
780 386 898 443 13-17.
1082 376 1145 440 323

126 486 146 525 ρ.
158 475 197 516 cn.
208 477 239 515 cc.

125 543 279 628 Scapulae
289 542 462 626 composita
475 550 571 617 erant,
587 541 694 605 scribit
702 542 743 606 ad
756 542 928 627 principem
941 567 1056 629 magna
1069 567 1102 609 se
1116 555 1147 610 et

122 659 203 719 quae
220 635 426 700 incolumitati
444 634 517 699 eius.
530 635 739 699 conducerent
756 636 947 713 adlaturum,
974 638 1001 701 si
1019 637 1146 702 brevem

122 731 206 794 exilii
215 731 339 794 veniam
348 729 580 815 inpetravisset:
600 727 1147 814 quippeAnteiumetOstoriumim-

121 826 238 888 minere
252 824 346 888 rebus
361 833 392 887 et
406 847 463 887 sua
474 822 682 906 Caesarisque
696 822 762 887 fata.
776 825 915 888 scrutari.
935 825 1017 887 exim
1031 826 1146 890 missae

121 918 301 994 liburnicae,
321 917 546 1000 advehiturque
559 939 689 1001 propere
701 915 868 1026 Sosianum
887 939 924 981 ac
938 918 1066 1003 vulgato
1079 919 1145 983 eius

121 1012 295 1076 iudiciot
249 1021 295 1075 mt
296 1035 329 1076 er
338 1012 466 1075 damnat
454 1020 501 1076 tos
516 1011 617 1097 magis
628 1033 723 1094 quam
736 1012 768 1075 in
770 1021 894 1076 terreos
903 1010 1038 1100 Anteius
1049 1010 1147 1077 Osto-

120 1106 247 1189 riusque
266 1105 424 1170 habebant
411 1116 470 1181 tur,
490 1106 620 1169 adeot
584 1114 620 1169 ut
638 1114 804 1169 ttestamen
791 1116 858 1169 tum
871 1105 969 1170 Antei
985 1129 1078 1170 nemo
1092 1106 1146 1170 ob-

121 1200 267 1285 signaret,
287 1223 348 1264 n1s1
338 1199 532 1284 Troelhnus
551 1208 623 1262 auct
624 1222 660 1263 or
677 1199 831 1264 extitisset
848 1200 970 1263 monito
982 1222 1068 1284 prrus
1078 1198 1147 1263 An

120 1295 182 1358 teio
200 1316 239 1357 ne
259 1303 451 1378 supremast
439 1293 562 1357 tabulas
580 1302 753 1357 moraretur
754 1302 874 1375 atque
892 1293 944 1356 illc
962 1293 1074 1357 hausto
1092 1315 1146 1357 ve—

23 1450 26 1455 .
120 1410 210 1465 neno,
231 1390 356 1452 tarditat
312 1396 408 1453 ttem
427 1388 493 1452 eius
512 1409 643 1472 perosus
663 1388 817 1452 intercisis
835 1388 924 1452 venis
942 1396 1073 1452 mortem
1092 1388 1146 1451 ad-

120 1483 306 1566 properavit.

185 1573 248 1641 Ost
236 1577 332 1640 torius
350 1577 561 1685 longinquis
552 1601 586 1640 m
607 1577 691 1662 agris
714 1578 798 1686 apud
820 1577 915 1640 finem
932 1575 1093 1661 Ligurum
1112 1575 1145 1638 id
1165 1587 1195 1634 15

61 1726 64 1732 .
120 1671 267 1754 temporis
287 1679 362 1734 erat.
381 1693 419 1735 eo
436 1672 553 1736 missus
571 1681 643 1735 cent
643 1671 720 1748 urio,
740 1694 794 1755 qm
784 1670 985 1735 '‘caedem
959 1692 1026 1734 erus
1045 1678 1147 1732 matu-

119 1775 208 1827 raret.
228 1787 326 1828 causa
336 1763 506 1828 festinandi
521 1787 560 1828 ex
574 1786 611 1828 eo
625 1764 783 1829 oriebatur
791 1765 877 1848 quod
887 1761 1034 1829 Ostorius
1048 1762 1147 1826 multa

119 1858 245 1920 militari
263 1858 349 1920 fama
372 1866 403 1921 et
421 1859 552 1922 civicam
570 1879 717 1922 eoronam
740 1858 825 1942 apud
842 1857 1037 1921 Britanniam
1054 1857 1147 1921 meri,-

120 1959 179 2024 tus,
207 1949 327 2034 ingenti
349 1951 487 2034 corporis
509 1951 616 2015 robore
638 1972 857 2040 armorumque
880 1950 1010 2013 seientia
1027 1958 1146 2013 metum

119 2041 236 2106 Neroni
258 2043 436 2107 faceretne
458 2044 620 2107 invaderet
644 2045 794 2131 pavidum
822 2065 946 2127 semper
967 2051 998 2106 et
1024 2052 1147 2126 reperta

119 2159 218 2220 nuper
236 2136 447 2201 coniuratione
465 2138 565 2222 magis
584 2138 774 2202 exterritum.
801 2138 897 2224 igitur
915 2137 1068 2212 centurio,
1091 2135 1146 2200 ubi

120 2230 238 2315 effugia
255 2231 347 2294 villae
367 2229 491 2306 clausit,
511 2231 598 2296 iussa
618 2232 814 2317 imperatoris
835 2229 963 2297 Ostorio
986 2231 1095 2315 aperit.
1117 2231 1145 2293 is

119 2323 333 2388 fortitudinem
352 2347 445 2409 saepe
459 2326 625 2388 adversum
639 2325 745 2390 hostes
761 2335 932 2411 spectatam
946 2325 979 2388 in
993 2346 1026 2388 se
1039 2323 1144 2400 vertit3

120 2427 150 2482 et
168 2419 242 2500 quia
259 2441 373 2495 venae,
401 2441 591 2502 quamquam
614 2420 818 2504 interruptae,
850 2442 962 2504 parum
984 2419 1145 2503 sanguinis

120 2513 331 2590 effundebant,
350 2514 501 2578 hactenus
520 2537 616 2578 manu
634 2514 716 2579 servi
729 2537 806 2578 usus
821 2525 856 2577 ut
869 2513 1021 2577 inmotum
1035 2511 1146 2597 pugio·

119 2628 190 2668 nem
210 2607 379 2684 extolleret,
400 2607 556 2691 adpressit
573 2607 715 2671 dextram
733 2608 800 2672 eius
818 2606 989 2692 iuguloque
1003 2606 1144 2670 occurrit.

183 2700 290 2764 Etiam
309 2701 336 2765 si
354 2700 437 2765 bella
454 2710 583 2765 externa
601 2711 632 2765 et
649 2701 750 2767 obitas
769 2723 825 2786 pro
843 2723 876 2764 re
890 2699 1016 2785 publica
1029 2709 1144 2763 mortes
1166 2719 1196 2766 1⁴6

120 2801 205 2856 tanta
219 2816 349 2858 casuum
360 2794 561 2860 similitudine
575 2817 790 2872 memorarem,
809 2816 921 2878 meque
936 2794 1039 2878 ipsum
1050 2794 1145 2858 satias

120 2887 253 2970 cepisset
264 2888 457 2971 aliorumque
467 2889 604 2954 taedium
614 2898 821 2974 expectarem,
839 2888 982 2971 quamvis
996 2888 1145 2965 honestos

119 2980 234 3044 civium
249 2982 361 3059 exitus,
381 2984 484 3048 tristes
499 2992 603 3048 tamen
621 2993 651 3048 et
665 2983 829 3047 continuos
848 2982 1095 3066 aspernantium:
1114 2991 1146 3044 at

119 3097 203 3138 nunc
220 3077 369 3158 patientia
384 3077 505 3141 servilis
520 3085 702 3159 tantumque
717 3075 878 3159 sanguinis
893 3074 977 3138 domi
990 3075 1146 3157 perditum

120 3167 253 3250 fatigant
271 3169 411 3231 animum
428 3179 459 3231 et
477 3168 633 3231 maestitia
645 3169 851 3251 restringrmt3
870 3187 972 3248 neque
986 3166 1079 3229 aliam
1092 3166 1146 3228 de-

119 3259 294 3322 fensionem
312 3259 351 3323 ab
369 3260 407 3324 iis
426 3260 541 3343 quibus
558 3261 619 3324 ista
631 3270 798 3324 noscentur
812 3259 979 3344 exegerim,
998 3280 1093 3341 quam
1106 3281 1146 3322 ne

120 3352 239 3417 oderim
261 3362 326 3416 tam
353 3353 491 3438 segniter
512 3362 692 3438 pereuntes:
719 3353 765 3417 ira
786 3353 839 3416 illa
855 3352 1019 3416 numinum
1041 3353 1074 3415 in
1095 3374 1145 3415 res

119 3449 278 3514 Romanas
297 3449 371 3526 suit,
399 3471 494 3532 quam
511 3471 590 3525 non,
617 3457 652 3512 ut
673 3449 707 3512 in
724 3447 865 3512 cladibus
884 3447 1074 3511 exercituum
1093 3457 1146 3510 aut

120 3543 299 3627 captivitate
321 3542 460 3620 urbium,
489 3543 586 3606 semel
608 3543 691 3606 edito
714 3541 845 3606 transire
866 3540 948 3604 licet.
976 3541 1066 3604 detur
1086 3539 1146 3603 hoc

120 3637 286 3700 illustrium
303 3637 441 3700 virorum
458 3636 641 3721 posteritati,
659 3645 695 3699 ut
712 3635 869 3718 quomodo
888 3634 1027 3716 exequiis
1043 3657 1061 3696 a
1075 3655 1146 3716 pro-

121 3730 241 3794 miscua
259 3731 419 3815 sepultura
438 3738 629 3815 separantur,
648 3730 713 3792 ita
705 3739 763 3792 mt
751 3728 852 3792 tradit
832 3739 915 3791 trone
930 3749 1146 3812 supremorum

121 3824 274 3907 accipiant
263 3823 427 3888 tthabean
416 3832 489 3906 tque
506 3822 663 3907 propriam
680 3822 870 3886 memoriam.

184 3916 308 3981 Paucos
317 3917 434 4002 quippe
443 3918 489 3980 int
490 3941 524 3981 ra
477 3917 604 3980 tdies
620 3916 731 3980 eodem
745 3915 870 4000 agmine
880 3913 1032 3978 Annaeus
1046 3912 1142 3992 Mela,
1164 3936 1193 3981 11

123 4008 254 4075 Cerialis
269 4009 413 4087 Anicius,
428 4010 540 4075 Rufius
556 4008 731 4093 Crispinus,
753 4007 818 4095 [ac]
839 4011 873 4072 T.
883 4007 943 4071 Pet
932 4009 1050 4073 tronius
1065 4009 1145 4074 ceci-

122 4105 204 4182 dere,
218 4103 306 4168 Mela
321 4112 352 4168 et
362 4102 527 4190 Crispinus
537 4104 658 4189 equites
666 4103 802 4169 Romani
811 4103 961 4189 dignitate
976 4103 1143 4180 senatoria3

910 4209 972 4269 21*

464 4334 499 4389 O
