2760 4874
540 821 657 874 sinu.
677 819 829 875 rinnau
870 886 883 903 ι

668 951 704 984 DE

93 1035 96 1041 ’
182 1043 407 1110 CORNELII
425 1045 584 1111 TACITI
602 1044 728 1122 VITA,
749 1042 956 1120 INGENIO,
978 1042 1184 1110 SCRIPTIS

584 1179 788 1215 COHHENTATIO.

175 1332 344 1400 Magnorum
355 1333 680 1402 scriptorumproventus
698 1349 772 1384 mum
786 1338 815 1386 ct
824 1332 951 1386 ultimum
965 1333 1096 1401 praebuit
1104 1333 1233 1399 Tacitum

78 1390 100 1443 9
143 1401 275 1469 quoniam
289 1401 384 1453 nullus
400 1417 463 1454 csse
482 1401 555 1454 solet
573 1401 628 1454 nisi
645 1400 680 1453 iis
697 1416 763 1454 nam
785 1407 851 1469 post
873 1401 933 1454 eius
955 1408 1077 1456 aetatem
1100 1401 1234 1456 emortuis
1291 1462 1296 1469 Ι

142 1468 326 1536 temporibus,
346 1468 449 1538 quibus
467 1468 584 1523 virtutes
598 1477 627 1524 et
640 1469 680 1522 fa·
698 1468 758 1522 fere
772 1469 891 1522 vetustis
905 1486 939 1522 ac
952 1470 1097 1523 nobilibus
1110 1469 1233 1532 familiis,

56 1572 61 1581 =
144 1536 679 1605 cilcgignunturetrectcacstimantur,
699 1554 760 1589 cum
780 1553 887 1591 summa
904 1554 997 1591 rerum
1015 1539 1091 1607 apud
1110 1555 1159 1592 eos
1194 1539 1232 1592 lc·

143 1605 204 1673 quis
222 1622 280 1657 non
300 1605 414 1658 miretur
429 1621 563 1657 summum
578 1606 679 1659 Roma·
697 1622 814 1674 rumque
824 1610 909 1672 esset,
924 1606 971 1684 qui
986 1606 1130 1674 imperium
1140 1623 1158 1660 a
1171 1556 1233 1659 Ear-

143 1690 239 1724 narum
250 1688 344 1724 rerum
354 1672 518 1741 scriptorem
532 1673 564 1726 P.
576 1671 679 1728 Corne-
697 1673 829 1726 barorum
842 1673 953 1726 infestis
967 1674 1176 1728 incursionibus
1191 1691 1233 1728 ar·

145 1740 209 1792 lium
221 1740 352 1792 Taciturn
362 1757 415 1794 nec
425 1740 554 1794 liberare
564 1742 680 1810 publica
697 1740 749 1793 mis
763 1741 964 1807 defendebant,
982 1759 1035 1796 nec
1049 1743 1123 1795 ultra
1136 1758 1235 1810 pacem

143 1808 244 1862 vixisse
259 1825 312 1862 nec
326 1807 455 1878 Augusto
469 1808 609 1878 principe,
630 1810 679 1863 sed
698 1816 726 1863 et
748 1809 926 1863 securitatem
945 1810 1065 1878 amplius
1085 1810 1233 1890 quicquam

143 1874 425 1930 Neronedomiuante
435 1883 531 1930 natum
537 1878 566 1930 in
573 1883 679 1931 catem-
697 1877 743 1931 vel
753 1894 866 1945 sperare
877 1878 920 1931 vcl
935 1894 1070 1947 quaerere
1082 1895 1157 1932 cives
1171 1896 1234 1947 pos-

143 1962 211 2013 pora
222 1945 365 2011 incidisse,
377 1961 449 2014 quac
464 1945 524 2013 ipsc
535 1952 564 2000 ct
573 1946 643 1998 dixit
652 1951 681 1999 ct
698 1951 773 2012 sent,
788 1946 943 1999 litterarum
964 1947 1057 2000 studia
1070 1964 1160 2015 paene
1174 1952 1235 1999 tota

105 2034 111 2047 ·
144 2021 274 2081 expertus
289 2018 334 2066 est
344 2030 429 2066 saeva
439 2019 468 2067 et
481 2013 585 2068 infesta
594 2014 680 2067 virtu·
698 2014 735 2067 ad
749 2014 937 2080 provinciales
951 2015 1079 2068 homines
1097 2015 1235 2068 translata

80 2127 83 2133 .
144 2082 227 2148 tibus,
244 2098 306 2133 cum
317 2081 438 2150 quidem,
454 2088 486 2135 ut
495 2082 604 2135 Plinius
618 2082 679 2148 aitl
699 2086 775 2148 suut,
791 2098 909 2151 quorum
923 2083 1062 2136 industria
1074 2090 1123 2136 aut
1141 2082 1245 2149 servili¹

145 2166 225 2201 omne
237 2149 391 2202 studiorum
407 2165 496 2218 genus
510 2151 596 2219 paulo
611 2151 679 2204 libe·
699 2155 822 2203 veterum
849 2150 1006 2204 imitatione
1038 2151 1255 2203 continebatur.
1296 2156 1304 2175 ·'

144 2217 199 2269 rius
214 2223 242 2269 et
256 2217 377 2271 erectius
390 2217 581 2296 periculosum
596 2218 679 2271 servi·
698 2223 755 2285 aut,
771 2218 795 2270 si
809 2219 917 2271 acriore
932 2218 1047 2287 ingenio
1061 2219 1182 2285 praediti
1192 2234 1235 2271 es·

67 2288 72 2297 ’
144 2293 188 2337 tus
202 2285 325 2338 fecisset.
360 2284 497 2338 Nrmirum
511 2302 680 2366 quamquam
699 2285 957 2353 sent‚sprctalatini
968 2285 1234 2353 sermonisproprie·

145 2353 357 2406 declinaverant
369 2353 485 2422 ingenia
496 2361 563 2432 post
575 2371 616 2407 rer
630 2371 679 2422 pu·
698 2359 756 2406 tatc
771 2369 805 2405 ac
818 2353 940 2421 puritate
958 2370 1027 2432 pere
1063 2353 1137 2405 inam
1155 2360 1235 2406 natu·

145 2421 241 2483 blicaa
253 2421 396 2475 interitum
414 2421 442 2474 in
461 2428 586 2490 privatae
606 2423 680 2475 vitae
698 2438 757 2474 ram
767 2420 966 2474 miranovandr
976 2421 1024 2473 libi
1046 2421 1091 2474 inc
1102 2420 1235 2489 exprime-

145 2488 291 2557 angustias
319 2495 419 2542 coacta
446 2505 480 2542 ac
502 2489 543 2543 sic
566 2506 680 2559 quoque
699 2490 777 2542 bant.
805 2489 898 2541 Taciti
912 2505 979 2542 vcro
993 2505 1039 2541 ars
1053 2487 1093 2542 ita
1103 2496 1147 2541 est
1159 2488 1235 2542 novi-

144 2557 300 2625 principum
308 2556 567 2626 saevitiaoppressa
573 2565 680 2612 etcom-
699 2563 757 2610 tate
767 2556 934 2624 insigniant
943 2561 1103 2610 tamentota
1109 2557 1237 2610 Romana

78 2654 83 2661 ·
110 2686 116 2697 .
145 2624 219 2676 muni
227 2625 349 2677 omnium
360 2625 492 2680 servitute
501 2625 617 2691 infecta,
624 2642 681 2679 non
700 2626 749 2692 sit3
767 2624 941 2694 itapriorum
956 2625 1122 2693 scriptorum
1136 2624 1236 2677 studiis

98 2706 118 2721 ·‘
145 2698 238 2745 tamen
252 2693 294 2746 ita
306 2693 362 2745 iam
377 2691 460 2746 effeta
479 2700 540 2748 erat
552 2694 681 2747 Romana
699 2693 817 2760 nutrita,
832 2699 865 2746 ut
877 2692 1010 2762 proprias
1023 2693 1133 2746 virtutis
1151 2693 1237 2762 plena

146 2761 259 2828 civitas,
282 2767 314 2814 ut
331 2777 389 2814 nou
406 2762 610 2830 reperirentur,
634 2762 681 2832 qui
700 2761 799 2828 sit3ita
808 2762 930 2831 denique
940 2762 1118 2816 scholasticis
1130 2761 1235 2816 exerci-

145 2829 280 2881 maiorum
286 2829 393 2898 gloriae
399 2837 571 2885 memoreset
579 2831 681 2885 aemuli
700 2831 746 2883 tiis
756 2831 876 2897 exculta,
887 2836 918 2883 ut
926 2832 1029 2899 prodat
1038 2831 1122 2883 animi
1132 2829 1237 2898 magni-

145 2897 181 2949 ad
207 2896 298 2965 ipsam
325 2897 409 2951 etiam
431 2898 539 2966 imperii
564 2898 682 2952 formam
700 2898 825 2951 tudinem
840 2914 873 2950 ac
887 2899 1054 2953 libertatem.
1086 2897 1142 2952 Sed
1160 2898 1237 2967 inge-

145 2966 348 3018 emendandam
367 2965 544 3033 adspirarcnt
565 2983 682 3036 genero·
699 2969 776 3019 nium
793 2966 854 3019 eius
867 2973 899 3020 ut
917 2967 1076 3020 accuratius
1094 2973 1236 3029 noscatur,

146 3033 240 3112 sisque
256 3033 355 3086 studiis
369 3033 492 3102 aliquem
506 3034 615 3103 priscae
631 3035 682 3086 vir·
700 3035 819 3103 primum
838 3034 872 3088 de
892 3035 950 3088 vita
968 3051 1041 3105 quae
1065 3034 1236 3103 accepimus,

146 3108 199 3154 tuti
218 3117 253 3154 ac
275 3101 399 3154 libertati
422 3103 516 3154 locum
539 3103 682 3156 vindicare
701 3103 859 3156 enarranda
870 3108 943 3155 sunt

146 3174 294 3248 cuperent3
322 3176 407 3239 atque
435 3170 510 3224 cives
537 3171 682 3239 eiusmodi,
735 3169 1237 3224 ConstatnatumesseTacitumante

146 3254 193 3306 qur
211 3237 286 3290 inter
299 3237 464 3306 gravissima
482 3239 608 3306 pericula
625 3256 682 3292 non
702 3255 804 3292 annum
818 3256 845 3307 p.
855 3239 905 3292 ch.
915 3240 960 3303 61,
976 3256 1031 3309 quo
1043 3255 1117 3291 anno
1128 3238 1236 3290 Plinius

147 3323 176 3358 se
186 3305 322 3358 ferendos
337 3306 438 3359 darent
451 3311 607 3375 temporum
620 3324 682 3376 pra·
702 3307 792 3359 minor
800 3311 883 3359 natus
894 3313 959 3374 cst,2
978 3307 1025 3377 qui
1040 3324 1103 3360 cum
1117 3312 1237 3359 testetur

147 3373 235 3441 vitati,
250 3378 284 3425 ut
295 3372 395 3426 animis
405 3374 525 3427 fortibus
540 3380 569 3427 et
582 3375 683 3428 erectis
703 3392 732 3428 se
743 3391 777 3428 ac
785 3375 913 3428 Tacitum
924 3375 1126 3444 propemodum
1136 3389 1237 3442 aequa·

146 3457 208 3494 csse
219 3457 336 3494 neccsse
347 3448 416 3509 crat,
431 3441 471 3495 ita
481 3443 595 3496 eosdem
610 3443 632 3495 si
648 3443 684 3495 ad
702 3443 743 3496 les
759 3447 835 3496 csse³
849 3442 972 3496 dubitari
987 3442 1087 3511 potuit,
1103 3447 1238 3509 qnantum

147 3509 330 3562 illustrandas
347 3508 456 3563 litteras
478 3508 682 3578 incumberent,
702 3508 1238 3578 temporisinterutriusqucnatalcsin·

147 3577 245 3629 mirum
259 3594 317 3629 nou
336 3584 380 3630 cst
393 3577 478 3646 longe
492 3579 683 3646 praestantius
702 3579 876 3644 tercesserit3
895 3594 929 3630 ac
947 3577 1060 3630 fuerunt
1075 3576 1123 3646 qui
1141 3577 1239 3629 decem

147 3643 254 3713 aliquid
272 3650 301 3698 et
317 3645 442 3698 nobilius
457 3643 583 3700 effecisse
620 3664 683 3699 uam
723 3663 792 3700 aene
806 3663 895 3698 annos
910 3644 1072 3698 interfuisse
1091 3644 1239 3697 crederent

147 3711 194 3780 qni
209 3713 319 3781 privata
333 3712 471 3766 industria
488 3713 562 3768 inter
575 3665 683 3768 scirola-
702 3665 831 3772 li'acitnm
846 3719 942 3766 natum
957 3729 1020 3767 esse
1035 3718 1191 3766 statuentes
1211 3729 1236 3766 a.

149 3779 233 3833 sticos
243 3782 321 3834 nulla
331 3782 371 3834 rei
381 3781 512 3850 publicae
527 3799 594 3837 cura
606 3783 684 3852 inge·
702 3782 749 3849 523
768 3781 816 3834 alii
835 3798 924 3834 annos
938 3781 980 3849 53,
995 3780 1037 3849 54,
1052 3780 1086 3834 58
1099 3781 1237 3849 praetule-

148 3848 499 3903 uiiacumenostentarent.
515 3851 683 3905 Talccxcm-
702 3855 781 3916 ruut3
801 3849 867 3901 mihi
882 3855 911 3901 ct
926 3849 1009 3903 Plinii
1023 3851 1111 3903 verba
1125 3866 1237 3903 acerua-

70 3915 75 3925 '
149 3916 225 3982 plum
240 3924 326 3988 atque
341 3917 369 3969 id
386 3917 467 3970 simul
485 3925 514 3972 ct
527 3919 682 3972 illustrissi·
702 3918 757 3970 tius
773 3917 964 3970 consideranti
979 3925 1008 3972 ct
1024 3917 1146 3988 reliqua,
1164 3934 1238 4037 puae

702 3986 776 4040 infra
807 3988 1100 4041 commemorabuntur
1133 3986 1162 4039 in
1184 3985 1239 4038 icia

173 4087 185 4124 1
202 4087 257 4125 Plin.
272 4098 320 4136 epp.
331 4089 373 4134 111,
384 4091 407 4134 5,
418 4091 437 4128 5.
452 4092 487 4138 qul
502 4096 571 4130 narrat
586 4092 633 4130 ideo
647 4102 683 4139 pa·
708 4093 871 4100 “-“’“

151 4140 217 4176 truum
230 4141 380 4186 grammaticos
394 4141 459 4181 libros
472 4142 498 4180 dc
512 4143 576 4182 dubio
586 4153 684 4182 sermone
728 4144 739 4180 2
757 4141 786 4180 lb.
796 4143 832 4186 Vl,
843 4144 874 4186 ί20,
886 4145 904 4180 5.

151 4189 265 4236 scripsisse.
727 4195 739 4231 ³
757 4193 784 4232 ib.
796 4193 842 4233 Vll.
853 4196 884 4233 20.
