2760 4874
430 390 636 450 ANNALIUM
655 391 871 447 LlB.H.l—6.
1118 380 1161 444 45

135 499 157 538 p.
167 485 210 527 cn.
221 487 255 525 ts.

136 553 243 640 specie
256 551 410 616 amicitiae
424 549 582 626 inlectum,
596 548 670 612 dein
683 550 800 614 catenis
814 559 985 628 oneratum,
1002 560 1160 636 postremo

136 645 336 712 interfecerat
341 669 350 723 3
369 644 436 709 eius
454 643 536 708 filius
546 641 706 720 Artaxias,
724 643 874 708 memoria
889 644 986 728 patris
1004 644 1095 710 nobis
1113 646 1161 709 in-

137 744 262 820 fensus,
289 738 514 805 Arsacidarum
544 738 578 802 vi
602 759 700 821 seque
729 760 924 825 regnumque
953 748 1070 804 tutatus
1102 750 1164 810 est,

135 838 243 902 >occiso
261 834 395 899 Artaxia
411 856 468 920 per
485 833 591 897 dolum
608 835 861 918 propinquorum,
881 835 972 899 datus
990 856 1010 898 a
1024 833 1161 900 Caesare

139 929 300 995 Armeniis
318 928 472 1014 Tigranes
490 927 706 1011 deductusque
722 928 756 991 in
772 950 904 1014 regnum
922 951 941 993 a
959 928 1086 993 Tiberio
1098 929 1164 994 Ne-

139 1046 227 1101 rone3
246 1043 309 1086 nec
325 1021 456 1107 Tigrani
473 1020 653 1084 diuturnum
674 1021 840 1106 imperium
858 1021 918 1085 fuit
934 1043 1036 1105 neque
1053 1021 1160 1087 liberis

140 1118 221 1194 eius,
248 1137 440 1199 quamquam
466 1114 591 1179 sociatis
616 1136 702 1179 more
729 1125 856 1180 externo
877 1116 910 1179 in
931 1115 1161 1182 matrimonium

140 1232 343 1299 regnumque.
374 1210 447 1274 dein
468 1209 558 1274 iussu
574 1207 715 1295 Augusti
736 1210 890 1294 inpositus
912 1208 1107 1275 Artavasdes
1130 1220 1161 1275 et
1178 1232 1195 1278 4

140 1328 203 1371 non
221 1305 289 1369 sine
307 1303 395 1367 clade
412 1312 519 1367 nostra
535 1302 689 1380 deiectus3
708 1313 775 1367 tum
789 1301 826 1368 O.
838 1301 957 1368 Caesar
974 1325 1162 1388 componen-

141 1400 199 1464 dae
217 1397 387 1462 Armeniae
404 1397 563 1482 deligitur:
581 1397 609 1461 is
622 1397 868 1475 Ariobarzanen,
887 1398 1005 1483 origine
1018 1397 1160 1475 Medum,

142 1493 181 1558 ob
194 1492 352 1577 insignem
366 1491 502 1576 corporis
515 1490 648 1554 formam
662 1500 693 1554 et
704 1491 898 1576 praeclarum
907 1492 1045 1555 animum
1054 1492 1162 1556 volen-

141 1586 223 1652 tibus
240 1584 401 1649 Armeniis
423 1584 582 1669 praefecit.
608 1582 823 1649 Ariobarzane
845 1595 944 1650 morte
961 1585 1089 1650 fortuita
1106 1585 1161 1650 ab·

141 1689 265 1766 sumpto
284 1680 411 1765 stirpem
429 1679 496 1744 eius
519 1678 604 1743 haud
626 1679 810 1758 toleravere3
837 1689 1048 1765 temptatoque
1071 1680 1161 1744 femi-

139 1797 197 1839 nae
213 1773 359 1859 imperio,
379 1773 429 1838 cui
446 1795 561 1838 nomen
577 1773 690 1851 Erato,
709 1795 807 1857 eaque
824 1772 911 1838 brevi
928 1774 1033 1859 pulsa,
1051 1774 1161 1838 incerti

139 1867 296 1950 solutique
318 1876 349 1931 et
366 1867 467 1953 magis
491 1867 557 1932 sine
579 1866 706 1932 domino
724 1889 819 1951 quam
841 1867 874 1931 in
894 1867 1036 1933 libertate
1053 1867 1161 1953 profu-

139 1985 216 2047 gum
232 1960 389 2026 Vononen
405 1961 440 2024 in
455 1983 588 2047 regnum
606 1962 776 2046 accipiunt:
799 1960 856 2025 sed
873 1961 928 2025 ubi
945 1961 1081 2025 minitari
1098 1960 1161 2024 Ar-

139 2054 273 2119 tabanus
296 2064 328 2119 et
348 2076 459 2140 parum
483 2055 615 2122 subsidii
636 2055 669 2119 in
690 2053 850 2119 Armeniis
872 2055 932 2131 vel,
961 2055 988 2119 si
1004 2063 1112 2119 nostra
1128 2054 1161 2118 vi

138 2148 372 2226 defenderetur,
399 2147 516 2213 bellum
542 2149 693 2213 adversus
718 2148 853 2214 Parthos
877 2148 1062 2218 sumendum
1084 2157 1159 2224 erat,

137 2251 241 2307 rector
260 2239 371 2327 Syriae
394 2241 536 2319 Creticus
557 2240 684 2308 Silanus
708 2243 845 2307 excitum
866 2243 1008 2306 custodia
1030 2241 1161 2305 circum-

139 2337 203 2413 dat,
230 2345 376 2401 manente
401 2336 479 2400 luxu
504 2346 535 2401 et
551 2337 639 2423 regio
664 2336 803 2414 nomine3
830 2335 915 2418 quod
935 2334 1104 2399 ludibrium
1126 2343 1162 2397 ut

138 2429 285 2515 effugere
298 2430 462 2515 agitaverit
481 2429 640 2507 Vonones,
659 2431 693 2493 in
709 2429 779 2494 loco
796 2429 973 2493 reddemus.

204 2523 354 2588 Ceterum
380 2523 507 2588 Tiberio
532 2523 617 2588 haud
642 2524 799 2609 ingratum
829 2523 942 2587 accidit
967 2521 1085 2585 turbari
1109 2542 1194 2587 reso

140 2615 294 2693 Orientis,
312 2626 347 2680 ut
364 2638 403 2681 ea
420 2617 523 2702 specie
537 2614 760 2682 Germanicum
778 2616 874 2680 suetis
892 2614 1068 2701 legionibus
1088 2613 1160 2678 abs-

139 2711 276 2776 traheret
297 2711 448 2794 novisque
468 2711 636 2796 provinciis
658 2710 839 2795 impositum
856 2709 929 2774 dolo
951 2709 1045 2774 simul
1062 2718 1093 2773 et
1110 2730 1162 2798 ca7

140 2804 234 2870 sibus·
256 2804 432 2869 obiectaret.
465 2814 497 2869 at
521 2805 587 2882 ille,
613 2797 733 2887 quanto
756 2804 874 2870 acriora
899 2805 933 2868 iu
959 2826 1032 2868 eum
1053 2803 1162 2868 'studia

139 2897 275 2961 militum
292 2907 324 2961 et
340 2919 451 2962 aversa
466 2898 569 2983 patrui
585 2897 739 2975 voluntas,
759 2898 941 2963 celerandae
953 2897 1101 2962 victoriae
1113 2897 1161 2960 in-

139 2991 262 3068 tentior,
281 3000 411 3055 tractare
428 2991 616 3076 proeliorum
633 2992 701 3056 vias
724 3002 755 3056 et
772 3014 852 3076 quae
875 2987 935 3057 sibi
952 2991 1077 3056 tertium
1098 2991 1161 3055 iam

140 3107 257 3149 annum
283 3083 477 3170 belligeranti
500 3106 594 3149 saeva
615 3084 665 3149 vel
686 3107 836 3171 prospera
853 3085 1044 3151 evenissentt
1071 3084 1162 3148 fundi

141 3175 319 3242 Germanos
345 3178 412 3242 acie
438 3188 469 3243 et
493 3178 584 3243 iustis
608 3178 701 3256 locis,
727 3180 828 3243 iuvari
854 3179 956 3256 silvis,
982 3177 1160 3263 paludibus,

140 3270 229 3336 brevi
254 3281 372 3336 aestate
398 3281 429 3336 et
449 3282 646 3357 praematura
667 3273 784 3351 hieme3
812 3296 903 3337 suum
924 3272 1055 3336 militem
1076 3271 1162 3335 haud

140 3364 270 3450 perinde
295 3364 475 3430 vulneribus
501 3387 595 3449 quam
617 3366 725 3452 spatiis
743 3367 901 3443 itinerum,
928 3366 1042 3430 damno
1060 3385 1162 3428 armo-

140 3481 211 3522 rum
229 3458 334 3536 adfici3
352 3458 454 3524 fessas
468 3456 588 3524 Gallias
606 3460 817 3525 ministrandis
836 3460 924 3542 equis
930 3484 939 3537 ;
957 3459 1086 3544 longum
1104 3457 1161 3520 im-

140 3551 389 3636 pedimentorum
407 3574 521 3638 agmen
538 3563 726 3638 oportunum
748 3553 788 3618 ad
809 3553 948 3629 iusidias,
971 3551 1162 3616 defensanti-

140 3643 201 3709 bus
218 3644 375 3728 iniquum:
402 3655 435 3709 at
452 3646 480 3710 si
497 3669 583 3711 mare
599 3648 739 3724 intretur,
757 3656 933 3733 promptam
945 3646 1022 3730 ipsis
1036 3666 1162 3730 posses-

140 3737 262 3801 sionem
280 3747 311 3801 et
328 3738 470 3804 hostibus
484 3740 621 3827 ignotam
626 3766 635 3819 ;
655 3740 748 3806 simul
764 3739 881 3804 bellum
892 3739 1043 3803 maturius
1056 3738 1160 3823 incipi,

139 3830 343 3916 legionesque
360 3842 392 3896 et
408 3844 599 3899 commeatus
617 3835 732 3920 pariter
748 3833 834 3912 vehi;
851 3833 1007 3921 integrum
1025 3831 1161 3915 equitem

139 3945 304 4007 equosque
320 3947 376 4010 per
393 3948 447 3992 ora
469 3936 500 3991 et
517 3928 622 3993 alveos
641 3928 802 3992 fluminum
820 3926 923 3991 media
939 3927 973 3990 in
992 3923 1162 3992 Germania

139 4017 218 4082 fore.
249 4017 345 4102 igitur
361 4018 423 4084 huc
444 4020 588 4084 intendit:
614 4021 719 4086 missis
742 4021 782 4085 ad
799 4042 911 4085 census
931 4017 1104 4086 Galliarum
1121 4020 1159 4086 P.
1179 4014 1206 4081 δ’

139 4110 271 4176 Vitellio
298 4120 328 4176 et
351 4110 388 4178 O.
406 4112 505 4179 Antio
528 4113 625 4180 Silius
648 4124 679 4180 et
695 4113 830 4180 Anteius
853 4123 884 4180 et
907 4113 1044 4181 Caecina
1065 4114 1160 4180 fabri·
