2760 4874
387 363 594 422 ANNALIUM
613 364 686 418 LlB.
696 364 748 418 111.
758 364 877 419 54-56.
1017 430 1024 436 ,
1082 349 1144 415 105

121 471 141 510 p.
153 458 193 499 cn.
204 459 236 498 aa

120 550 192 592 cum
205 545 318 611 graves
333 533 363 586 et
376 522 559 607 plerumque
572 522 695 604 iniquas
708 545 765 607 pro
778 522 951 607 republica
964 522 1142 614 suscipiam,

119 623 227 685 inanes
251 628 282 682 et
303 618 534 699 inritas-neque
557 616 634 682 mihi
656 627 710 682 aut
731 616 821 682 vobis
837 614 916 682 «usui
937 616 1058 680 suturas
1076 616 1143 679 iure

120 717 299 801 deprecor.“
976 734 983 741 ’

121 852 125 861 .
183 807 311 872 Auditis
336 804 481 870 Caesaris
504 805 612 870 litteris
634 805 765 870 remissa
787 805 938 870 aedilibus
961 806 1031 870 talis
1054 827 1143 883 cura3
1162 826 1194 872 so

120 904 274 984 luxusque
287 921 423 976 mensae,
443 923 462 962 a
478 899 540 962 fine
553 897 678 962 Actiaci
691 898 765 963 belli
778 900 820 965 ad
836 906 874 964 ea'
886 918 973 964 arma
986 901 1055 983 quis
1071 897 1145 964 Ser-

120 997 189 1060 vius
198 993 309 1063 «Galba
324 1016 428 1057 rerum
446 993 578 1077 adeptus
597 1003 654 1070 est,
674 1015 730 1077 per
745 1004 987 1063 accusantum
1005 993 1143 1078 profusis

121 1088 297 1174 sumptibus
316 1087 443 1150 exerciti
460 1086 611 1171 paulatim
629 1087 801 1151 exolevere.
828 1110 940 1152 causas
959 1089 1026 1152 eius
1044 1097 1145 1150 muta-

121 1183 213 1248 tionis
232 1202 379 1265 quaerere
392 1179 478 1244 libet.
501 1180 581 1243 dites
600 1179 674 1243 olim
692 1179 827 1253 familiae
842 1180 993 1245 nobilium
1011 1191 1065 1262 aut
1082 1181 1145 1244 cla-

120 1277 254 1342 ritudine
266 1275 404 1360 insignes
420 1273 523 1338 studio
536 1273 785 1358 magnificentiae
798 1273 1053 1359 prolabebantur3
1072 1289 1144 1338 num

122 1371 215 1435 etiam
233 1379 299 1433 tum
316 1367 452 1453 plebem,
471 1368 582 1445 socios,
601 1389 699 1452 regna
716 1368 817 1432 colere
835 1377 866 1431 et
883 1368 943 1433 coli
959 1368 1092 1445 licitum3
1111 1377 1146 1430 ut

122 1465 254 1548 quisque
276 1461 402 1547 opibus,
425 1462 534 1538 domo,
561 1471 673 1546 paratu
696 1462 872 1546 speciosus,
898 1484 956 1547 per
979 1485 1094 1526 nomen
1115 1471 1146 1525 ct

122 1557 279 1622 clientelas
297 1555 454 1620 inlustrior
476 1554 663 1620 habebatur:
686 1566 852 1640 postquam
875 1555 1022 1621 caedibus
1046 1556 1146 1621 saevi-

77 1727 81 1731 ,
122 1661 189 1715 tum
206 1660 238 1714 et
251 1651 438 1736 magnitudo
456 1649 559 1714 samue
578 1651 672 1714 exitio
690 1660 770 1728 erat,
789 1651 941 1716 ceteriad
959 1644 1147 1736 sapientiora

122 1753 309 1809 convertere.
342 1743 435 1808 simul
459 1743 534 1807 novi
558 1743 700 1808 homines
728 1767 745 1808 e
766 1745 943 1830 municipiis
961 1754 996 1808 et
1018 1741 1145 1808 coloniis
1187 1793 1192 1802 ,

122 1847 214 1921 atque
240 1837 334 1901 etiam
359 1837 526 1922 provinciis
552 1837 585 1900 in
612 1847 754 1905 senatum
781 1838 888 1903 crebro
911 1838 1069 1922 adsumpti
1091 1837 1147 1901 do-

23 2008 31 2019 ,
122 1931 290 1998 ωεεὶὶοειω,
304 1930 526 2015 parsimoniam
549 1931 731 2009 intulerunt,
759 1941 790 1996 et
811 1954 1000 2016 quamquam
1021 1931 1146 1996 fortuna

24 2018 37 2087 ὲ
122 2024 173 2088 vel
193 2024 347 2088 industria
368 2023 508 2108 plerique
535 2025 736 2108 pecuniosam
759 2027 800 2090 ad
822 2036 980 2091 senectam
1004 2023 1160 2110 perveni.

34 2155 39 2162 ·
122 2127 203 2194 rent,
222 2118 336 2181 mansit
353 2126 457 2180 tamen
474 2117 558 2202 prior
575 2119 706 2183 animus.
731 2119 787 2184 sed
804 2121 992 2204 praecipuus
1008 2118 1144 2186 adstricti

123 2211 217 2275 moris
240 2221 348 2276 auctor
366 2209 580 2296 Vespasianus
604 2212 677 2290 fuit,
702 2213 829 2296 antiquo
849 2214 917 2297 ipse
939 2212 1025 2277 cultu
1046 2212 1146 2276 nictu-

123 2304 401 2388 que310bsequium
418 2306 491 2369 inde
508 2306 541 2368 in
554 2306 727 2391 principem
745 2315 775 2370 et
790 2306 970 2370 aemulandi
987 2327 1075 2369 amor
1091 2327 1146 2368 va-

122 2399 213 2469 lidior
234 2421 329 2483 quam
349 2422 452 2485 poena
474 2423 513 2464 ex
535 2400 658 2486 legibus
681 2410 712 2464 ct
734 2400 850 2465 metus:
873 2401 934 2464 nisi
955 2399 1035 2474 sorte
1052 2398 1146 2463 rebus

123 2496 241 2560 cunctis
260 2497 342 2560 inest
360 2497 488 2579 quidam
507 2496 592 2561 velut
610 2496 708 2573 orbis,
720 2506 767 2560 'ut
788 2496 1052 2579 quemadmodum
1070 2503 1147 2558 tem-

122 2614 233 2676 porum
250 2592 350 2670 vices,
369 2593 413 2656 ita
430 2615 552 2658 morum
570 2602 744 2670 vertantur,
767 2615 824 2658 nec
843 2593 951 2658 omnia·
964 2591 1049 2678 apud
1065 2591 1148 2676 prio-

122 2707 172 2749 res
190 2685 332 2764 meliora,
356 2687 415 2765 sed,
434 2697 541 2752 nostra
558 2709 682 2772 quoque
704 2697 790 2752 aetas
811 2688 911 2751 multa
931 2686 1032 2751 laudis
1051 2695 1082 2749 et
1099 2707 1148 2748 ar-

124 2778 200 2850 tium
216 2779 367 2845 imitanda
388 2783 521 2866 posteris
540 2783 618 2859 tulit.
647 2805 756 2846 verum
779 2780 964 2847 haecnobis
984 2777 1145 2867 [maiores]

71 2907 73 2911 ν
124 2874 292 2938 certamina
309 2897 348 2938 ex
366 2875 497 2941 honesto
515 2886 671 2942 maneant.

187 2968 332 3034 Tiberius
351 2970 436 3035 fama
448 2970 667 3037 moderationis
685 2981 784 3058 parta,
803 2973 888 3056 quod
905 2971 1078 3058 ingruentis
1097 2992 1149 3035 ac·
1166 2990 1198 3038 56

124 3072 282 3127 cusatores
299 3074 502 3149 represserat,
526 3065 621 3129 mittit
641 3066 760 3130 litteras
778 3066 819 3131 ad
838 3076 981 3131 senatum
1004 3066 1074 3148 quis
1091 3087 1149 3150 po-

124 3165 267 3236 testatem
285 3157 481 3222 tribuniciam
495 3159 604 3225 Druso
622 3161 760 3246 petebat:
780 3161 812 3224 id
830 3161 945 3225 summi
957 3159 1076 3244 fastigii
1093 3181 1149 3223 vo-

124 3248 271 3314 cabulum
283 3250 450 3337 Augustus
468 3255 613 3338 repperit,
633 3276 671 3317 ne
689 3254 772 3340 regis
787 3264 841 3317 aut
859 3252 1016 3317 dictatoris
1034 3273 1149 3315 nomen

125 3343 302 3409 adsumeret
328 3368 365 3410 ac
391 3355 495 3410 tamen
521 3348 728 3433 appellatione
759 3347 863 3430 aliqua
892 3355 995 3410 cetera
1018 3345 1150 3429 imperia

125 3439 344 3523 praemineret3
366 3439 512 3505 Marcum
535 3443 647 3506 deinde
666 3440 843 3527 Agrippam
866 3441 986 3505 socium
1008 3439 1075 3504 eius
1093 3461 1149 3523 po-

126 3533 256 3610 testatis,
275 3555 336 3616 quo
354 3533 502 3600 defuncto
521 3535 683 3600 Tiberium
700 3535 856 3599 Neronem
874 3534 1002 3620 delegit,
1020 3544 1061 3596 n'e
1079 3555 1149 3597 suc-

126 3647 232 3690 cessor
252 3627 285 3690 in
307 3627 424 3691 incerto
447 3627 540 3692 soret:
565 3629 610 3694 sic
633 3628 770 3693 cohiberi
792 3650 904 3712 pravas
927 3628 1058 3691 aliorum
1076 3647 1148 3710 spes

124 3718 250 3783 rebatur
254 3745 264 3797 ;
283 3721 375 3785 simul
388 3722 559 3786 modestiae
572 3723 703 3788 Neronis
718 3731 748 3786 ct
762 3743 837 3786 suae
854 3719 1061 3807 magnitudini
1073 3719 1149 3783 fide·
1227 3807 1231 3812 ‚

126 3812 189 3877 bat.
214 3835 279 3896 quo
298 3812 371 3878 tuuc
389 3816 532 3900 exemplo
550 3815 695 3880 Tiberius
713 3815 856 3879 Drusum
875 3836 1014 3878 summae
1031 3813 1078 3877 rei
1095 3812 1150 3876 ad-

125 3917 244 3984 movet,
268 3929 339 3971 eum
356 3909 503 3974 incolumi
522 3907 710 3974 Germanico
731 3909 887 3994 integrum
907 3908 988 3972 inter
1005 3907 1085 3972 dues
1102 3907 1151 3971 iu-

126 4001 243 4064 dicium
260 3998 420 4066 tenuisset.
448 4004 504 4068 sed
521 4004 672 4089 principio
694 4003 862 4067 litterarum
886 4011 1050 4067 veneratus
1073 4001 1148 4066 deos

126 4105 161 4161 ut
178 4095 309 4161 consilia
327 4120 384 4162 sua
400 4097 445 4162 rei
463 4097 606 4182 publicae
627 4106 858 4184 prosperarent,
883 4097 1005 4161 modica
1026 4097 1066 4161 de
1083 4118 1150 4160 mo-
