2760 4874
1340 268 1344 301 Ι

217 410 279 475 ers
564 412 747 469 cananea
767 412 900 469 nacrrr
1340 35 1351 479 i

1149 506 1251 545 mutet.

219 578 340 643 Seneca
358 572 532 661 praeceptis
549 570 744 655 eloquentiae
762 580 793 637 et
810 570 959 636 comitate
976 570 1131 649 honesta,
1150 572 1252 637 iuvan-

218 691 265 741 tes
282 675 315 738 ia
333 672 447 747 ricem,
471 692 534 753 quo
556 668 679 732 facilius
702 666 853 731 lubricam
874 666 1032 753 principis
1057 676 1207 745 aetatem,
1229 667 1253 732 si

217 771 363 834 uirtutem
389 774 621 851 aspernaretur,
649 762 862 849 voluptatibus
888 764 1057 829 concessis
1079 763 1252 828 retinerent.

217 876 374 929 certamen
397 860 519 941 utriqae
542 880 638 921 unum
656 866 724 921 erat
744 866 852 923 contra
872 856 1028 923 ferociam
1047 856 1252 945 Agrippinae,

216 980 298 1041 qum
316 953 437 1017 eunctis
455 950 556 1015 malae
577 949 797 1015 dominationis
815 948 1019 1036 cupidinibus
1043 951 1186 1039 flagrans
1203 951 1253 1014 ha-

217 1048 312 1113 bebat
331 1048 361 1111 ia
379 1044 520 1131 partibas
534 1042 720 1121 Pallantem,
739 1064 803 1127 quo
815 1054 942 1109 auctore
957 1042 1122 1110 Claudius
1140 1044 1252 1129 nuptiis

217 1143 343 1208 incestis
362 1154 393 1205 et
405 1140 572 1225 adoptione
586 1138 719 1203 exitiosa
732 1148 830 1205 semet
847 1148 1060 1223 perverterat3
1080 1138 1139 1204 sed
1158 1160 1252 1223 neque
1339 1218 1342 1223 Ι

217 1236 332 1301 Neroni
355 1234 436 1298 iasra
459 1254 567 1295 servos
588 1232 765 1317 ingenium,
787 1240 819 1293 et
834 1230 943 1295 Pallas
961 1231 1048 1297 tristi
1072 1232 1253 1319 adrogantia
1344 1246 1349 1337 1

218 1331 344 1393 rraalam
368 1326 469 1390 liberti
496 1345 643 1411 egressus
667 1323 804 1388 taedium
830 1323 880 1387 sui
901 1334 1066 1402 moverat3
1094 1326 1252 1411 propalam

218 1434 320 1488 taaiea
343 1442 452 1485 arianos
475 1418 507 1481 in
529 1440 600 1481 eam
622 1418 756 1482 honores
778 1416 1035 1494 cumulabantur,
1066 1418 1252 1505 signumque

218 1540 302 1581 tiriae
322 1514 448 1579 militiae
466 1512 583 1597 petenti
603 1510 726 1575 tribuno
743 1510 830 1576 dedit
848 1510 1006 1597 „optimae
1024 1513 1141 1579 matris
1147 1518 1182 1591 ;“
1204 1514 1252 1577 de·
1337 1390 1349 1659 i

218 1610 293 1672 creti
311 1618 340 1671 ct
360 1632 379 1671 a
397 1616 508 1671 senatu
526 1606 589 1669 dao
607 1604 746 1682 lictores,
764 1604 935 1670 flaminium
955 1602 1147 1685 Claudiale3
1167 1605 1252 1672 simul

219 1702 353 1765 Claudio
372 1701 547 1765 colinariam
566 1700 662 1765 sunus
680 1710 711 1764 et
729 1723 802 1766 rnox
820 1700 1024 1766 consecratio.

185 1818 200 1863 a
281 1794 345 1858 Die
359 1794 478 1858 saneris
492 1794 701 1859 laudationem
715 1793 783 1859 eius
795 1794 940 1879 princeps
953 1816 1095 1861 exorsus
1109 1806 1170 1873 est,
1183 1797 1252 1860 dum

217 1888 435 1972 antiquitatem
462 1888 600 1973 generis,
628 1886 808 1952 consulatus
834 1908 871 1952 ac
893 1887 1073 1972 triumphos
1102 1890 1251 1955 maiorum

218 1981 429 2059 enumerabat,
448 1982 585 2047 intentus
604 1982 671 2067 ipse
689 1990 720 2045 et
737 1981 845 2060 eeteri3
864 1980 1042 2047 liberalium
1061 2005 1192 2068 quoque
1209 2006 1251 2048 ar·
1334 2008 1337 2013 ·

219 2078 297 2141 tiam
316 2076 570 2142 commemoratio
588 2086 618 2140 ct
636 2076 713 2139 nihil
730 2087 858 2162 regente
880 2096 917 2139 eo
934 2075 1024 2141 triste
1042 2077 1093 2141 rei
1111 2077 1250 2165 publicae
1298 2082 1304 2095 ’

218 2170 259 2235 ab
279 2171 414 2235 externis
437 2169 589 2234 accidisse
610 2170 717 2255 pronis
739 2169 852 2235 animis
873 2169 995 2233 auditu:
1018 2182 1195 2256 postquam
1215 2171 1250 2236 ad

218 2265 444 2349 providentiam
464 2264 711 2349 sapientiamque
732 2264 831 2341 flexit,
853 2270 947 2328 'tremo
963 2264 1044 2329 risui
1068 2276 1249 2353 temperare,

218 2380 408 2441 quamquam
422 2358 520 2421 oratio
539 2381 558 2421 a
573 2356 695 2422 Seneca
708 2358 881 2443 composita
893 2356 1028 2423 multum
1042 2359 1153 2426 cultus
1167 2382 1250 2447 prae-

218 2452 322 2527 ferret,
343 2461 377 2515 at
394 2451 454 2514 fait
472 2452 516 2514 illi
534 2452 601 2515 viro
614 2452 773 2537 ingenium
787 2474 954 2517 amoenum
972 2460 1004 2515 et
1017 2454 1175 2539 temporis
1189 2453 1250 2518 eius

219 2544 346 2608 auribus
365 2545 643 2609 accommodatum.
668 2544 856 2610 adnotabant
869 2544 1018 2623 seniores,
1037 2548 1161 2629 quibus
1180 2547 1251 2613 otio

220 2661 289 2701 sam
313 2648 361 2702 est
383 2648 489 2703 vetera
511 2649 542 2702 ct
563 2638 740 2723 praesentia
761 2640 961 2716 contendere,
988 2639 1133 2724 primum
1156 2665 1197 2706 ex
1216 2641 1250 2705 iis

219 2731 272 2813 qui
288 2754 389 2794 rerum
404 2732 494 2815 potiti
508 2741 612 2796 essent
625 2731 781 2796 Neronem
794 2731 913 2796 alienae
926 2733 1099 2799 facundiae
1114 2737 1250 2822 eguisse:

220 2847 293 2888 nam
316 2826 448 2889 dictator
467 2823 585 2889 Caesar
607 2825 738 2890 summis
757 2825 930 2890 oratoribus
948 2827 1113 2906 aemulus3
1138 2839 1170 2894 et
1187 2829 1251 2893 Au·
1345 2864 1348 2875 =

219 2930 313 3004 gusto
331 2929 476 3005 prompta
494 2942 531 2984 ac
547 2920 720 3005 profluens,
740 2943 819 3004 quae
837 2921 961 2986 deceret
977 2923 1172 3010 principem,
1192 2925 1251 2990 elo·

219 3014 346 3095 quentia
368 3013 441 3091 fait3
469 3014 614 3079 Tiberias
637 3024 735 3079 artem
761 3037 886 3099 quoque
908 3014 1042 3081 callebat
1068 3040 1137 3101 qua
1158 3019 1251 3084 verba

220 3109 422 3192 expenderet,
443 3120 509 3172 tam
527 3108 649 3174 validus
669 3110 813 3174 sensibus
832 3119 886 3174 aut
903 3109 1047 3176 consulto
1066 3112 1249 3200 ambiguum
1341 3102 1353 3155 3·

220 3202 312 3265 etiam
327 3201 365 3266 C.
382 3201 528 3267 Caesaris
547 3201 672 3268 turbata
684 3226 773 3267 mens
784 3203 856 3267 nim
873 3204 997 3268 dicendi
1015 3227 1081 3270 non
1101 3207 1249 3292 corrupit3

219 3318 277 3359 nec
299 3296 332 3358 in
351 3295 498 3372 Claudia,
523 3297 666 3378 quotiens
688 3298 838 3362 meditata
860 3297 1103 3377 dissererentur,
1128 3301 1250 3387 elegan-

220 3389 294 3452 tiam
308 3390 495 3472 requireres:
514 3388 597 3452 Nero
611 3388 781 3474 puerilibus
796 3390 901 3454 statim
914 3392 1004 3455 annis
1023 3392 1170 3457 vividum
1188 3394 1249 3458 ani-

220 3506 305 3546 mum
323 3483 355 3545 in
369 3483 430 3546 alia
448 3483 590 3547 detorsit:
610 3482 739 3560 caelare,
758 3483 896 3568 pingam,
916 3491 1026 3547 cantus
1041 3494 1098 3549 aut
1111 3487 1249 3571 regimen
1349 3554 1352 3565 Ι

220 3597 370 3659 equorum
389 3598 533 3640 exercere
539 3600 547 3653 3
567 3585 598 3639 et
615 3576 782 3659 aliquando
801 3575 990 3641 carminibus
1007 3579 1189 3665 pangendis
1206 3579 1249 3642 ia·
1349 3570 1353 3643 ἶ

222 3692 292 3734 esse
311 3668 371 3733 sibi
389 3670 542 3735 elementa
560 3671 718 3734 doctrinae
736 3670 929 3736 ostendebat.

186 3783 202 3828 4
286 3761 433 3827 Ceterum
451 3763 585 3848 peractis
609 3764 751 3828 tristitiae
772 3763 973 3829 imitamentis
992 3765 1114 3829 curiam
1133 3767 1248 3853 ingres·

221 3879 275 3920 sus
294 3857 381 3920 etde
399 3858 581 3922 auctoritate
602 3867 727 3943 patrum
745 3867 776 3922 et
793 3880 949 3923 consensu
970 3858 1108 3923 militum
1129 3859 1248 3945 praefa-
1347 3902 1351 3937 ,

220 3961 285 4026 tus,
313 3951 442 4014 consilia
464 3951 524 4015 sibi
546 3962 577 4015 et
599 3953 743 4038 exempla
764 3952 949 4037 capessendi
975 3953 1103 4039 egregie
1130 3951 1247 4038 imperii

221 4044 414 4120 memoravit,
432 4067 534 4127 neque
548 4046 705 4110 iuventam
725 4047 819 4111 amnis
834 4045 977 4110 civilibus
996 4056 1051 4110 aut
1069 4045 1246 4112 domesticis

222 4134 384 4198 discordiis
403 4136 557 4216 inbutam3
577 4138 663 4202 nulla
681 4140 765 4217 odia,
785 4139 887 4204 nullas
905 4138 1033 4203 iniurias
1052 4162 1112 4204 nec
1131 4138 1247 4224 capidi-
