2760 4874
387 377 594 437 ANNALIUM
610 378 685 433 LIB.
699 379 721 434 L
740 379 857 434 64-67.
1088 369 1130 434 35

108 485 128 524 ρ.
139 473 180 514 cs.
190 473 225 512 rs.

106 540 217 606 terruit
234 538 303 602 dira
319 537 423 621 quies:
447 559 521 600 nam
539 535 727 618 Quintilium
744 535 865 609 Varum
883 538 1033 624 sanguine
1052 538 1130 604 obli-

106 645 174 700 tum
200 641 233 698 et
258 629 425 717 paludibus
452 652 608 695 emersum
630 651 755 694 cernere
781 639 812 694 et
837 632 944 696 andire
969 633 1056 699 visus
1083 642 1131 698 est

107 728 193 794 velut
219 735 399 802 vocantem,
424 747 489 790 non
513 733 619 788 tamen
640 723 808 790 obsecutus
826 733 857 790 et
865 748 992 810 manum
1003 721 1132 809 [in]ten·

107 821 210 889 dentis
236 818 421 904 reppulisse.
453 827 564 902 coepta
588 817 658 884 luce
679 818 795 882 missae
816 819 849 881 in
870 817 968 883 latera
991 819 1131 905 legiones

106 924 193 980 metu
206 918 248 978 air
260 911 457 977 contumacia
468 911 573 976 locum
586 912 759 988 deseruere,
774 921 865 996 capto
877 930 1007 998 propere
1021 924 1131 998 campo

106 1006 269 1072 humentia
282 1006 376 1083 ultra3
395 1026 496 1089 neque
514 1013 620 1068 tamen
637 1002 808 1082 Arminius,
827 1026 1016 1088 quamquam
1034 1005 1131 1071 libero

106 1101 250 1176 incursu,
275 1098 381 1163 statim
401 1096 556 1182 prorupit,
581 1097 637 1162 sed
654 1097 835 1161 uthaesere
857 1120 953 1163 caeno
974 1097 1131 1182 fossisque

107 1190 487 1279 impedimentaturbati
511 1190 629 1254 oireum
654 1191 782 1267 milites,
809 1191 944 1255 incertus
972 1191 1132 1276 signorum

108 1288 184 1353 ordo
197 1294 295 1369 utque
308 1284 362 1349 tali
379 1284 412 1348 in
425 1292 573 1368 tempore,
594 1283 654 1348 sibi
667 1284 800 1367 quisque
813 1306 964 1370 properus
983 1295 1014 1348 et
1031 1284 1132 1349 lentae

107 1380 277 1444 adversum
294 1378 424 1462 imperia
441 1400 546 1454 aures,
564 1378 742 1463 inrumpere
756 1375 936 1443 Germanos
954 1377 1049 1456 iubet,
1069 1379 1132 1443 cla-

107 1473 222 1537 mitans
242 1494 309 1550 „en
316 1472 419 1536 Varus
438 1481 483 1536 est
497 1472 669 1555 eodemque
682 1471 794 1536 iterum
811 1471 877 1537 fato
895 1469 1017 1536 vinctae
1033 1472 1132 1558 legio·

108 1565 204 1631 nesl“
224 1564 318 1630 simul
334 1564 422 1643 haec,
442 1575 473 1630 et
491 1586 562 1629 cum
576 1565 705 1630 delectis
724 1565 837 1630 scindit
849 1587 963 1650 agmen
981 1566 1131 1649 equisque

107 1659 244 1724 maxime
261 1658 389 1723 vulnera
406 1658 532 1744 ingerit:
550 1659 595 1722 illi
613 1659 765 1744 sanguine
784 1681 841 1724 suo
859 1669 890 1723 et
906 1659 1026 1724 lubrico
1042 1659 1132 1745 palu-

108 1754 184 1817 dum
209 1752 368 1837 lapsantes
387 1752 542 1817 excussis
558 1752 730 1817 rectoribus
757 1753 888 1817 disicere
910 1752 1032 1830 obvios,
1060 1775 1132 1838 pro·

108 1855 207 1911 terere
224 1845 370 1910 iacentes.
396 1844 549 1930 plurimus
568 1845 650 1910 circa
667 1845 787 1929 aquilas
805 1845 907 1923 labor,
931 1867 1011 1929 quae
1029 1867 1131 1929 neque

107 1939 182 2005 ferri
196 1939 364 2003 adversum
377 1938 553 2025 ingruentia
566 1939 628 2003 tela
644 1961 746 2022 neque
763 1938 819 2024 figi
836 1939 948 2004 lim0sa
961 1940 1057 2005 humo
1074 1962 1131 2025 po-

107 2041 218 2099 terant
247 2031 384 2098 Caecina
405 2034 481 2097 dum
504 2042 658 2102 sustentat
675 2033 789 2110 aciem,
814 2033 950 2099 suffosso
973 2055 1054 2117 equo
1077 2035 1131 2098 de-

106 2127 216 2213 lapsus
234 2126 542 2205 circumveniebatur,
561 2127 594 2194 ni
610 2127 711 2212 prima
727 2127 811 2213 legio
829 2149 898 2192 sese
917 2129 1129 2213 opposuisset3

107 2221 186 2286 iuvit
203 2220 341 2286 hostium
358 2220 500 2297 aviditas,
520 2221 637 2285 omissa
654 2222 750 2286 caede
763 2223 912 2306 praedam
930 2223 1131 2299 sectantium3

58 2378 64 2389 ,
108 2314 277 2398 enisaeque
302 2314 441 2400 legiones
459 2324 698 2399 vesperascente
721 2315 771 2379 die
788 2315 822 2378 in
843 2325 951 2399 aperta
969 2325 1000 2379 et
1022 2315 1130 2379 solida.

107 2431 210 2492 neque
232 2409 260 2474 is
283 2409 477 2502 miseriarum
498 2409 584 2474 finis:
612 2409 794 2473 struendum
820 2409 952 2486 vallum,
977 2410 1131 2495 petendus

108 2525 221 2589 agger3
245 2502 361 2567 amissa
377 2525 494 2588 magna
510 2525 550 2566 ex
570 2512 659 2588 parte
680 2525 738 2587 per
759 2524 839 2585 quae
861 2503 997 2588 egeritur
1017 2503 1132 2568 humus

108 2606 163 2661 aut
176 2596 328 2671 exciditur
341 2618 484 2681 caespes3
501 2620 565 2661 non
579 2596 711 2661 tentoria
723 2596 900 2681 manipulis
919 2619 982 2660 non
994 2597 1134 2662 fomenta

109 2690 393 2756 sauciisainfeetos
416 2712 512 2755 caeno
535 2699 590 2755 aut
611 2712 719 2756 cruore
742 2689 829 2755 cibos
852 2690 1025 2755 dividentes
1043 2690 1133 2756 fune·

109 2794 175 2850 stas
193 2783 336 2850 tenebras
355 2794 387 2849 et
403 2794 449 2850 tot
466 2784 628 2850 hominum
640 2784 765 2850 milibus
785 2807 881 2849 unum
899 2784 962 2849 iam
979 2785 1132 2868 reliquum

109 2879 193 2944 diem
209 2877 468 2943 lamentabantur.

172 2972 267 3037 Forte
286 2994 385 3055 equus
403 2971 543 3057 abruptis
566 2973 698 3038 vinculis
721 2996 821 3059 vagus
840 2983 872 3037 et
889 2972 1023 3038 clamore
1045 2974 1133 3038 terri·
1151 2995 1193 3043 66*
1313 3007 1316 3011 ·

109 3075 160 3130 tus
178 3066 332 3148 quosdam
350 3067 576 3130 occurrentium
591 3067 781 3132 obturbavit:
801 3076 888 3133 tanta
904 3067 976 3132 inde
994 3077 1133 3132 conster-

109 3158 194 3224 natio
216 3159 372 3245 inrupisse
395 3158 570 3226 Germanos
594 3162 799 3240 credentium,
826 3171 862 3226 ut
883 3162 987 3227 cuncti
1008 3173 1133 3227 ruerent

110 3255 151 3319 ad
172 3263 278 3339 portas
284 3279 293 3333 3
320 3277 452 3338 quarum
474 3257 646 3321 decumana
667 3257 803 3322 maxime
824 3257 1001 3343 petebatur,
1024 3280 1135 3323 aversa

110 3348 194 3414 hosti
211 3359 243 3412 et
259 3349 452 3434 fugientibus
470 3351 573 3415 tutior.
603 3350 741 3421 Caecina
758 3359 916 3437 comperto
933 3375 1047 3415 vanam
1065 3373 1134 3415 esse

111 3442 318 3522 formidinem,
337 3465 410 3508 cum
428 3453 531 3509 tamen
544 3467 647 3528 neque
661 3447 842 3510 auctoritate
860 3466 961 3527 neque
979 3442 1133 3529 precibus,

110 3559 150 3601 ne
175 3559 280 3601 manu·
298 3538 425 3621 quidem
451 3538 603 3604 obsistere
630 3549 684 3604 aut
709 3540 841 3604 retinere
867 3539 997 3602 militem
1024 3538 1133 3620 quiret,

110 3629 267 3714 proiectus
289 3631 323 3694 in
344 3631 449 3696 limine
471 3641 579 3717 portae
600 3633 798 3697 miseratione
821 3634 960 3708 demum,
985 3631 1058 3713 quia
1079 3651 1136 3714 per

111 3745 224 3808 eorpus
241 3723 337 3811 legati
355 3726 491 3790 eundum
509 3735 587 3804 erat,
607 3726 719 3791 clausit
735 3727 833 3804 viam3
857 3725 950 3790 simul
971 3723 1087 3788 tribuni
1105 3733 1136 3788 et
1217 3770 1220 3777 ·

111 3817 307 3885 centuriones
335 3817 451 3884 falsum
476 3841 624 3905 pavorem
651 3842 721 3884 esse
747 3819 925 3883 docuerant.
962 3826 1038 3881 tunc
1061 3839 1135 3882 con·
1153 3838 1184 3886 67

110 3919 227 3975 tractos
244 3911 277 3975 in
294 3912 447 3999 principia
467 3913 634 3998 iussosque
656 3914 739 3979 dicta
757 3935 828 3978 oum
851 3912 972 3978 silentio
995 3912 1135 3996 accipere

111 4005 260 4090 temporis
277 4028 321 4076 ,ac
345 4007 540 4072 necessitatis
562 4017 681 4073 monet:
704 4030 799 4071 unam
821 4008 854 4071 in
876 4007 969 4072 armis
992 4007 1133 4083 salutem,

112 4097 169 4163 sed
191 4121 230 4163 ea
251 4100 381 4166 oonsilio
406 4102 621 4186 temperanda,
644 4103 894 4186 manendumque
916 4102 997 4167 intra
1018 4102 1134 4166 vallum

922 4203 963 4268 3*
