2760 4874
564 32 608 105 ἶ
677 72 704 113 ι

223 379 285 443 110
570 384 754 442 CORNELII
768 383 901 438 TACITI

220 548 334 612 m'ultos
354 544 448 609 etiam
466 542 566 607 bonos
584 564 712 626 pessum
730 541 829 617 dedit,
853 542 907 624 qui
926 543 1037 630 spretis
1060 564 1141 626 quae
1160 545 1249 608 tarda

221 664 294 706 cum
312 638 491 714 securitate,
510 645 708 720 praematura
725 636 776 699 vel
794 658 866 699 cum
884 636 978 699 exitio
996 645 1174 720 properant.

171 758 201 804 ιι
284 734 413 799 Auxere
438 752 603 794 numerum
633 738 851 804 accusatorum
875 726 999 794 Gellius
1025 729 1192 795 Publicola
1217 744 1248 796 et

219 829 267 893 M.
288 826 462 902 Paconius,
488 824 540 888 ille
562 831 709 906 quaestor
732 821 845 901 Silani,
869 822 922 886 hic
946 823 1083 910 legatus3
1109 847 1169 888 nec
1190 826 1248 889 du·

220 924 308 989 bium
324 920 499 985 habebatur
571 917 603 980 vi
604 917 665 981 tiae
687 926 910 1025 captarumque
928 918 1132 1002 pecuniarum
1150 919 1247 983 teneri

219 1039 318 1093 reum,
338 1014 394 1079 sed
407 1000 512 1079 multa
558 1010 799 1097 gerebantur
760 1020 791 1074 et
791 1034 853 1074 mm
871 1011 975 1075 insont
963 1011 1046 1076 tibus
1059 1012 1246 1097 periculosa,

220 1134 291 1176 cum
302 1132 396 1197 super
404 1117 450 1173 to
437 1115 623 1173 tsenatores
637 1104 786 1173 adversos
796 1105 1088 1172 facundissimis
1043 1117 1138 1172 ius
1147 1106 1246 1173 Arme

220 1228 319 1290 eoque
337 1204 379 1269 ad
395 1200 606 1267 accusandum
620 1200 748 1265 delectis
765 1202 968 1293 responderet
955 1202 1121 1267 ttsolus
1090 1211 1121 1266 et
1139 1203 1246 1266 orandi

219 1300 358 1375 nescius,
380 1296 506 1381 proprio
523 1295 557 1358 in
574 1305 638 1359 met
639 1317 674 1372 u,
698 1294 752 1377 qui
770 1296 938 1359 exercitam
956 1318 1080 1380 quoque
1098 1297 1245 1381 eloquen-

220 1394 295 1458 tiam
308 1390 457 1466 debilitat,
475 1411 540 1453 non
553 1398 726 1472 temperant
727 1410 744 1454 e
714 1388 885 1454 tTiberio
898 1389 974 1473 quin
986 1400 1141 1475 premeret
1158 1413 1244 1468 voce,

219 1490 286 1554 vult
274 1498 321 1566 tu,
341 1510 378 1552 eo
396 1484 507 1568 quod
498 1506 566 1569 1pse
584 1484 768 1550 ereberrime
785 1485 1009 1572 interrogabat,
1033 1509 1135 1569 neque
1151 1487 1245 1553 refel-

218 1584 282 1648 lere
300 1591 354 1646 aut
367 1579 492 1644 eludere
504 1577 646 1656 dabatur,
666 1601 703 1643 ac
721 1586 816 1664 saepe
833 1579 927 1644 etiam
941 1580 1151 1645 confitendum
1169 1591 1244 1657 erat,

218 1699 259 1742 ne
276 1676 392 1740 frustra
404 1672 619 1757 quaesivisset.
639 1695 746 1742 servos
765 1695 889 1757 quoque
904 1672 1013 1752 Silani,
1032 1683 1067 1738 ut
1084 1676 1244 1740 tormentis

218 1772 494 1855 interrogarentur,
519 1776 604 1830 actor
621 1766 766 1852 publicus
785 1768 940 1852 mancipio
959 1778 1134 1853 acceperat}
1158 1778 1189 1833 et
1204 1791 1245 1854 ne

217 1864 289 1972 quis
311 1861 558 1927 necessariorum
579 1860 700 1925 iuvaret
725 1861 965 1947 periclitantem,
993 1862 1163 1928 maiestatis
1187 1863 1245 1934 cri-

196 1957 303 2021 -mina
326 1954 502 2022 subdebant
490 1963 552 2031 tur,
579 1954 774 2019 vinclumt
743 1964 774 2019 et
795 1956 967 2021 necessitas
994 1956 1159 2034 silendi3
1150 1955 1246 2042 igitur

218 2051 315 2137 petito
336 2069 512 2134 paucorum
530 2048 650 2111 dierum
671 2048 812 2113 interient
812 2073 834 2114 u
800 2050 1065 2115 tdefensionem
1088 2073 1138 2115 sui
1127 2050 1244 2115 dese-

219 2146 289 2222 ruit,
308 2144 392 2208 ausis
411 2142 452 2207 ad
467 2140 636 2207 Caesarem
654 2133 814 2221 codicillis,
833 2144 947 2228 quibus
960 2144 1109 2209 iuvidiam
1128 2151 1159 2208 et
1174 2166 1245 2229 pre-

219 2261 272 2304 ces
290 2238 467 2303 miscuerat.

169 2352 201 2404 68
283 2331 428 2397 Tiberius
439 2352 522 2414 quae
539 2329 572 2394 in
588 2328 731 2396 Silanum
748 2330 887 2417 parabat,
906 2354 969 2416 quo
987 2300 1166 2397 excusatius
1185 2331 1243 2396 sub

219 2426 361 2512 exemplo
392 2425 568 2509 acciperent
569 2446 619 2502 ur,
650 2424 772 2490 libellos
803 2425 869 2489 divi
893 2423 1034 2512 Augusti
1060 2427 1100 2490 de
1125 2425 1243 2491 Voleso

218 2521 373 2598 Messala,
400 2519 541 2584 eiusdem
563 2517 662 2583 Asiae
684 2520 869 2605 proconsule
945 2531 1092 2604 ctumquc
1118 2521 1150 2584 in
1173 2543 1243 2598 eum

219 2613 541 2682 senatusconsultum
558 2614 683 2696 recitari
699 2613 799 2691 iubet3
818 2623 884 2677 tum
918 2630 938 2679 '.
954 2613 1104 2679 Pisonem
1111 2623 1244 2679 senten·
1271 2654 1273 2657 -

218 2711 293 2774 tiam
314 2718 418 2794 rogat:
441 2709 493 2771 ille
515 2708 648 2771 multum
672 2709 711 2772 de
729 2708 894 2773 clementia
914 2709 1062 2795 principis
1084 2708 1242 2794 praefatus

217 2824 300 2886 aqua
322 2811 415 2884 atque
437 2801 504 2886 igni
517 2799 641 2866 ¹Silano
662 2801 911 2883 interdicendum
937 2803 1058 2867 censuit
1077 2804 1243 2888 ipsumque

216 2898 251 2960 iu
267 2895 402 2978 insissam
421 2893 564 2980 Gyarum
581 2895 793 2980 relegandum.
822 2897 932 2961 eadem
951 2897 1058 2974 ceteri,
1080 2896 1142 2965 nisi
1159 2898 1244 2981 quod

219 2989 278 3055 Cn.
293 2988 449 3054 Lentulus
464 2989 638 3074 separanda
654 2988 753 3055 Silani
767 2990 1012 3068 materna‘bona,
1031 2989 1170 3076 quippe*
1183 2991 1244 3056 alia

82 3163 84 3167 y
217 3091 345 3169 parente
362 3083 474 3168 geniti,
496 3083 716 3166 reddendaque
734 3085 798 3150 filio
816 3085 909 3163 dixit,
932 3086 1087 3150 adnuente
1106 3084 1241 3150 Tiberio.

167 3198 199 3246 69
281 3176 328 3241 At
346 3175 510 3241 Cornelius
528 3176 696 3243 Dolabella
717 3179 793 3255 dum
815 3179 1025 3245 adulationem
1046 3180 1171 3266 longius
1194 3201 1242 3244 se·

217 3272 334 3357 quitur,
350 3271 514 3357 increpitis
534 3270 572 3336 O.
593 3271 693 3337 Silani
714 3273 853 3339 moribus
876 3275 1073 3340 addiditrne
1090 3274 1161 3358 quis
1178 3273 1242 3337 ,vita

216 3367 385 3452 probrosus
404 3375 435 3430 et
452 3376 578 3451 opertus
595 3367 726 3432 infamia
742 3368 936 3453 provinciam
953 3368 1125 3445 sortiretur,
1147 3367 1242 3451 idque

216 3462 361 3547 princeps
375 3461 574 3540 diiudicaret3
592 3486 666 3526 nam
682 3475 703 3526 'a
719 3463 852 3572 legibus.
861 3463 974 3528 delicta
990 3462 1108 3548 puniri:
1126 3471 1243 3547 quanto

195 3558 284 3638 'fore
306 3557 412 3620 mitius
429 3555 463 3619 in
479 3556 582 3641 ipsos,
605 3557 768 3625 meliusin
734 3558 916 3635 msocios,
928 3557 1086 3644 provideri
1108 3579 1148 3622 ne
1170 3576 1243 3642 pec·

216 3662 339 3716 caretur
289 3650 542 3716 turladversum
555 3673 636 3735 quae
649 3652 802 3722 disseruit,
810 3651 943 3717 Caesar.
961 3651 1165 3735 nonquidem
1183 3649 1242 3716 sibi

216 3747 326 3832 ignara
344 3767 428 3828 quae
451 3745 490 3809 de
513 3744 622 3811 Silano
644 3734 867 3832 vulgabantur3
895 3747 952 3811 sed
972 3769 1036 3812 non
1058 3767 1098 3810 ex
1117 3743 1241 3809 rumore

200 3840 430 3917 =statuendum3
457 3840 603 3905 multos
594 3858 635 3904 ιιι
652 3841 820 3925 provinciis
847 3850 1071 3924 contraquam
1093 3861 1166 3925 spes
1188 3848 1241 3902 aut

216 3934 376 3999 meldens
394 3934 455 3999 illis
473 3934 702 4021 fueritegisse3
725 3935 854 3999 excitari
874 3934 1029 4018 quosdam
1051 3933 1092 3998 ad
1112 3931 1241 3996 meliora

216 4027 431 4113 magnitudine
447 4051 565 4105 rerum,
587 4027 756 4094 hebescere
774 4029 867 4107 alios,
889 4050 992 4113 neque
1013 4049 1108 4112 posse
1125 4024 1240 4112 princi-

216 4142 288 4204 pem
307 4137 364 4186 sua
382 4121 511 4186 scientia
523 4132 636 4194 crmcta
648 4123 822 4210 complecti,
839 4145 940 4207 neque
958 4122 1105 4208 expedire
1122 4129 1158 4187 ut
1175 4142 1240 4186 am·

87 4346 233 4591 Ὗ
