2760 4874
227 366 269 430 2⁴2
574 369 756 426 CORNELII
770 367 905 425 TAGITI

1143 471 1162 500 a.
1173 473 1194 501 u.
1205 465 1250 503 vor.

226 535 308 599 inter
325 553 358 597 se
375 528 546 594 rationibus
563 527 713 613 placitum
730 534 765 590 ut
783 526 933 610 epistulae
955 528 1079 591 nomine
1100 529 1251 614 principis

227 625 448 699 scriberentur,
482 621 664 685 missionem
694 620 761 684 dari
792 621 901 684 vicena
933 620 1088 705 stipendia
1117 623 1251 701 meritis3

227 716 420 785 exauctorari
438 714 491 799 qui
509 737 585 779 sena
597 715 679 778 dena
696 713 845 778 fecissent
863 736 899 778 ac
916 715 1041 780 retineri
1059 714 1117 779 sub
1136 716 1251 781 vexillo

228 823 400 879 ceterorum
426 810 569 879 inmunes
591 807 653 872 nisi
674 807 877 893 propulsandi
902 808 1017 886 hostis;
1043 808 1149 893 legata
1171 832 1252 892 quae

178 929 209 977 37
227 907 401 994 petiverant
427 903 548 969 exsolvi
569 901 790 986 duplicarique.
824 899 930 967 Sensit
955 902 1045 967 miles
1071 903 1105 966 in
1127 911 1251 987 tempus

227 1000 361 1066 conficta
382 997 552 1079 statimque
566 994 731 1080 flagitavit:
754 994 862 1059 missio
879 1017 937 1079 per
957 994 1098 1061 tribunos
1115 1006 1253 1061 matura

227 1105 291 1173 tur3
309 1091 432 1177 largitio
445 1088 647 1154 differebatur
663 1088 696 1152 in
714 1087 844 1153 hiberna
861 1088 1021 1171 cuiusque.
1043 1112 1108 1154 non
1125 1089 1252 1155 absces-

229 1209 297 1253 sere
314 1184 456 1269 quintani
477 1181 809 1265 unetvicesimanique,
833 1182 932 1247 donec
955 1183 1056 1247 isdem
1073 1183 1105 1247 in
1123 1184 1251 1248 aestivis

227 1288 386 1359 contracta
404 1300 444 1342 ex
460 1276 574 1341 viatico
592 1275 763 1339 amicorum
779 1274 941 1360 ipsiusque
956 1275 1101 1341 Caesaris
1119 1277 1253 1362 pecunia

228 1372 466 1459 persolveretur.
487 1370 620 1455 primam
639 1389 676 1432 ac
693 1368 874 1433 vicesimam
891 1368 1033 1455 legiones
1052 1369 1192 1435 Caecina
1208 1371 1253 1435 le-

227 1475 320 1552 gatus
342 1465 375 1529 in
397 1463 553 1528 civitatem
575 1460 731 1526 Ubiorum
753 1461 890 1539 reduxit,
912 1463 996 1547 turpi
1018 1462 1156 1549 agmine,
1180 1485 1252 1528 cum

227 1559 297 1624 fisci
314 1559 352 1622 de
374 1557 558 1640 imperatore
573 1555 661 1640 ,rapti
682 1554 871 1640 intersigna
892 1555 1033 1639 interque
1055 1556 1176 1640 aquilas
1199 1580 1252 1622 ve.

227 1652 383 1717 herentur.
408 1647 614 1714 Germanicus
633 1648 824 1732 superiorem
846 1649 887 1713 ad
905 1649 1076 1714 exercitum
1091 1649 1251 1735 profectus

229 1745 399 1810 secundam
416 1753 447 1808 et
464 1743 587 1808 tertiam
604 1744 768 1807 decumam
786 1751 817 1806 et
834 1752 955 1807 sextam
973 1745 1137 1808 decumam
1153 1743 1253 1830 legio-

227 1861 284 1902 nes
297 1837 373 1902 nibil
388 1846 547 1902 cunctatas
562 1845 758 1902 sacramento
772 1836 869 1921 adigit
874 1861 883 1914 ;
897 1837 1162 1919 quartadecimani
1175 1860 1253 1922 pau-

227 1932 294 1996 lum
319 1930 550 1996 dubitaverant:
576 1929 709 2015 pecunia
732 1939 763 1994 et
784 1930 892 1995 missio
914 1930 1057 2014 quamvis
1078 1953 1142 1996 non
1163 1931 1253 2017 flagi-

229 2025 367 2090 tantibus
386 2024 491 2089 oblata
508 2032 565 2089 est.

179 2138 210 2188 38
291 2117 338 2183 At
354 2119 387 2182 in
406 2118 543 2184 Chaucis
562 2128 744 2203 coeptavere
767 2118 951 2183 seditionem
972 2119 1163 2204 praesidium
1186 2119 1252 2204 agi-

228 2222 329 2279 tantes
347 2213 498 2278 vexillarii
516 2212 705 2279 discordium
722 2211 881 2298 legionum
898 2221 929 2278 ct
945 2213 1101 2298 praesenti
1118 2213 1253 2276 duorum

227 2306 361 2371 militum
383 2306 537 2392 supplicio
560 2306 689 2391 paulum
714 2306 849 2391 repressi
875 2315 962 2384 sunt3
988 2306 1122 2371 iusserat
1143 2306 1177 2369 id
1193 2307 1251 2370 Μ’.

227 2400 361 2478 Ennius,
381 2411 552 2465 castrorum
570 2399 757 2485 praefectus,
777 2398 860 2464 bono
878 2400 979 2485 magis
998 2399 1142 2485 exemplo
1155 2421 1251 2483 quam

228 2516 377 2559 concesso
394 2493 471 2559 iure.
498 2495 611 2559 deinde
628 2494 854 2558 intumescente
872 2502 960 2558 motu
976 2493 1130 2579 profugus
1147 2515 1253 2578 reper-

228 2597 351 2672 tusque,
369 2598 537 2673 postquam
554 2588 673 2652 intutae
690 2586 837 2663 latebrae,
855 2586 1045 2672 praesidium
1064 2586 1103 2650 ab
1121 2587 1254 2650 audacia

228 2691 400 2747 mutuatur:
418 2704 482 2746 non
495 2682 687 2766 praefectum
701 2681 741 2746 ab
755 2682 803 2757 iis,
823 2682 879 2746 sed
893 2678 1116 2746 Germanicum
1129 2680 1268 2756 ducem,·

230 2775 286 2839 sed
313 2774 474 2838 Tiberium
500 2775 718 2859 imperatorem
745 2774 863 2839 violari.
898 2774 992 2838 simul
1018 2773 1171 2838 exterritis
1198 2773 1253 2856 qui

228 2866 425 2945 obstiterant,
451 2876 576 2953 raptum
598 2868 746 2932 vexillum
764 2868 804 2931 ad
826 2869 926 2952 ripam
948 2868 1052 2944 vertit,
1080 2867 1160 2931 etsi
1182 2868 1253 2950 quis

228 2961 353 3045 agmine
374 2962 576 3038 decessisset,
599 2984 655 3047 pro
678 2962 834 3031 desertore
856 2964 924 3027 fore
946 2962 1108 3026 clamitans
1129 2961 1254 3025 reduxit

227 3053 261 3117 in
278 3053 408 3119 hiberna
425 3054 564 3120 turbidos
583 3065 614 3120 et
630 3055 708 3119 nihil
725 3078 829 3120 ausos.

179 3165 210 3214 39
292 3147 416 3213 Interea
440 3148 536 3235 legati
561 3148 601 3214 ab
629 3158 738 3214 senatu
763 3172 942 3236 regressum
967 3151 1030 3214 iam
1056 3149 1140 3234 apud
1166 3171 1253 3213 aram

229 3239 385 3306 Ubiorum
408 3239 631 3308 Germanicum
653 3244 777 3309 adeunt.
805 3245 885 3307 duae
907 3242 952 3307 ibi
974 3243 1129 3328 legiones,
1152 3242 1253 3327 prima

229 3344 322 3418 atque
340 3335 501 3414 vicesima,
525 3337 724 3421 veteranique
745 3360 846 3423 nuper
862 3337 951 3402 missi
973 3337 1032 3402 sub
1055 3336 1168 3401 vexillo
1187 3335 1253 3399 hie-

229 3431 369 3509 mabant3
396 3431 527 3516 pavidos
550 3441 582 3496 et
607 3432 796 3496 conscientia
821 3431 990 3496 vaecordes
1016 3430 1109 3494 intrat
1134 3444 1252 3493 metus:

228 3525 352 3590 venisse
378 3534 501 3610 patrum
522 3526 612 3590 iussu
633 3526 687 3608 qui
708 3526 800 3590 inrita
825 3525 964 3590 facerent
985 3547 1066 3608 quae
1087 3547 1145 3610 per
1171 3525 1254 3589 sedi-

229 3620 344 3686 tionem
359 3629 590 3704 oxpresserant3
603 3630 701 3703 utque
714 3641 782 3685 mos
796 3620 891 3706 vulgo
904 3619 1048 3702 quamvis
1062 3618 1151 3683 falsis
1164 3641 1254 3682 reum

230 3712 377 3791 subdere,
403 3713 584 3779 Munatium
605 3714 772 3792 Plancum,
800 3714 964 3780 consulatu
985 3713 1142 3789 sunctum,
1168 3713 1254 3797 prin-

230 3806 330 3892 cipem
351 3808 531 3894 legationis,
554 3818 714 3875 auctorem
736 3820 862 3875 senatus
885 3808 1019 3874 consulti
1039 3809 1184 3871 incusant
1191 3831 1207 3884 ;.
1223 3816 1255 3871 et

229 3911 319 3966 nocte
343 3904 495 3968 concubia
516 3905 664 3970 vexillum
686 3905 719 3969 in
736 3903 829 3971 domo
848 3901 1028 3969 Germanici
1050 3903 1149 3967 situm.
1162 3900 1254 3986 flagi-

229 4006 295 4061 tare
322 3999 491 4082 occipiunt,
519 4021 734 4082 concursuque
760 3999 801 4064 ad
821 3998 947 4062 ianuam
973 3996 1057 4061 facto
1084 3996 1254 4060 moliuntur

230 4091 323 4169 fores,
342 4102 514 4159 extractum
532 4093 627 4159 cubili
641 4088 818 4161 Caesarem·
828 4093 949 4158 tradere
966 4090 1115 4156 vexillum
1133 4090 1253 4154 intento

743 4346 748 4359 ι

675 4456 696 4479 ΥΙ
760 4456 763 4461 “

671 4482 703 4513 ⁴⁸.
751 4500 758 4519 1ι
795 4482 798 4491 ¹
910 4506 914 4514 1
