2760 4874
162 376 166 381 ⁷
248 406 290 472 56
597 414 780 473 conusuu
793 413 922 471 rncrn

1160 508 1271 547 muttit).

197 599 229 646 aa
248 575 454 640 voluntariam
471 581 602 637 mortem
614 572 853 658 properavisset.
875 570 958 637 bona
974 572 1055 637 iuter
1071 582 1268 637 accusatores

247 669 441 744 dividuntur,
464 676 496 732 et
512 675 674 753 praetmae
697 676 784 730 extra
801 666 941 731 ordinem
962 667 1053 736 datae
1075 667 1125 731 his
1147 667 1202 749 qui
1221 689 1271 731 se-

246 761 359 827 natorii
384 760 500 826 ordinis
528 768 624 823 erant.
659 767 733 823 tunc
759 757 854 824 Cotta
879 759 1072 824 Messalinus
1097 781 1138 824 ne
1162 760 1270 844 imago

246 854 381 920 Libonis
408 853 572 936 exsequias
597 861 793 937 posterorum
818 853 1017 918 comitaretur
1040 853 1175 930 censuit,
1207 851 1269 917 Cn.

247 948 418 1024 Lentulus,
440 946 572 1030 nequis
592 944 774 1012 Scribonius
797 954 1036 1032 cognomentum
1053 946 1154 1011 Drusi
1175 947 1271 1010 adsu-

246 1051 359 1120 meret3
373 1040 633 1126 supplicationum
646 1039 713 1104 dies
725 1038 893 1124 Pomponii
904 1039 1011 1104 Flacci
1029 1039 1182 1104 sententia
1196 1062 1272 1104 con-

248 1135 361 1212 stituti3
385 1135 468 1199 dona
483 1133 567 1210 Iovi,
590 1132 701 1210 Marti,
720 1130 929 1209 Concordiae,
947 1141 1044 1216 utque
1061 1133 1170 1197 iduum
1189 1131 1272 1218 Sep-

248 1228 415 1293 tembrium
445 1227 526 1304 dies,
557 1249 620 1310 quo
651 1248 686 1291 se
715 1226 800 1292 Libo
829 1226 1040 1303 interfecerat,
1071 1227 1138 1291 dies
1168 1226 1270 1291 festus

247 1321 427 1399 haberetur,
442 1321 490 1385 L.
512 1319 587 1385 P**
609 1330 641 1385 et
663 1317 774 1386 Gallus
792 1318 924 1385 Asinius
947 1329 978 1384 et
998 1319 1117 1405 Papius
1134 1318 1271 1385 Mutilus

249 1424 281 1480 et
300 1415 343 1478 L.
360 1414 521 1499 Apronius
544 1414 722 1493 decrevere3
745 1435 877 1497 quorum
899 1414 1097 1479 auctoritates
1119 1413 1273 1478 adulatio-
1343 1425 1345 1430 “

248 1530 367 1592 nosque
383 1507 501 1584 rettuli,
519 1517 555 1571 ut
572 1507 702 1572 sciretur
717 1517 808 1574 vetus
816 1507 858 1572 fid
874 1507 908 1571 in
924 1529 958 1572 re
975 1506 1101 1593 publica
1116 1507 1244 1571 malum.

312 1601 412 1669 Facta
438 1609 469 1666 et
495 1601 534 1666 de
559 1600 786 1666 mathematicis
812 1600 976 1687 magisque
1001 1600 1094 1665 Italia
1118 1599 1271 1686 pellendis

251 1704 377 1761 senatus
403 1693 558 1772 consulta3
584 1716 718 1778 quorum
744 1716 762 1760 e
786 1715 916 1759 numero
938 1694 979 1759 L.
1001 1693 1167 1758 Pituanius
1193 1715 1272 1758 saxo

250 1788 389 1853 deiectus
411 1796 473 1866 est3
499 1788 532 1852 in
553 1787 591 1852 P.
613 1787 769 1853 Marcium
791 1788 936 1853 consules
957 1797 1045 1852 extra
1064 1796 1188 1873 portam
1209 1787 1274 1852 Es·

250 1882 414 1966 quilinam,
441 1903 514 1947 cum
535 1882 702 1948 classicum
723 1904 832 1948 canere
855 1883 1034 1960 iussissent,
1059 1904 1146 1948 more
1167 1882 1273 1967 prisco

250 1976 420 2041 advertere.
911 2002 913 2007 ’

200 2089 232 2139 33
314 2069 463 2135 Proximo
485 2078 611 2135 senatus
634 2071 684 2136 die
701 2071 800 2136 multa
820 2071 852 2135 in
869 2071 980 2135 luxum
1000 2070 1134 2136 civitatis
1152 2070 1237 2134 dicta
1253 2093 1274 2134 a

252 2164 293 2248 Q.
312 2165 443 2231 Haterio
465 2165 634 2242 consulari,
658 2164 793 2232 Octavio
810 2166 967 2231 Frontone
987 2174 1132 2251 praetura
1148 2163 1273 2240 fumet03

125 2329 128 2336 ,
251 2260 472 2342 decretumque
483 2280 524 2324 ne
541 2281 619 2323 vasa
635 2282 710 2324 auro
724 2260 824 2325 solida
836 2259 1046 2325 ministrandis
1060 2258 1138 2325 cibis
1151 2258 1273 2333 fierent,

182 2364 184 2368 ‘
251 2375 292 2418 ne
309 2353 405 2419 vestis
425 2351 533 2418 Serica
549 2353 633 2418 viros
651 2353 800 2419 foedaret
823 2355 958 2419 excessit
974 2353 1092 2419 Fronto
1110 2375 1147 2418 ac
1162 2360 1275 2438 postu-

143 2480 144 2485 *
251 2446 328 2511 lavit
348 2447 477 2512 modum
498 2456 641 2532 argento,
669 2447 866 2532 supellectili,
892 2447 1043 2512 familiae:
1070 2457 1137 2512 erat
1157 2446 1275 2532 quippe

252 2541 355 2606 adhuc
375 2539 523 2624 frequens
545 2541 754 2619 senatoribus,
781 2542 808 2607 si
829 2543 905 2626 quid
927 2564 944 2606 e
965 2563 1000 2606 re
1020 2542 1146 2628 publica
1167 2543 1276 2606 crede-
1322 2591 1324 2594 Α

251 2644 334 2711 rent,
352 2635 428 2700 loco·
440 2634 612 2699 sententiae
629 2657 781 2720 promere.
803 2644 911 2700 contra
928 2632 1041 2700 Gallus
1058 2634 1193 2700 Asinius
1208 2635 1275 2699 dis-

253 2727 362 2792 seruit:
381 2737 475 2791 auctu
487 2727 613 2811 imperii·
621 2728 795 2793 adolevisse
808 2728 902 2795 etiam
918 2728 1055 2814 privatas
1074 2750 1161 2813 opes,
1179 2726 1275 2810 idque

252 2841 315 2884 non
332 2841 450 2884 novum
472 2820 528 2883 sed
546 2841 563 2883 e
580 2820 800 2886 vetustissimis
822 2821 959 2887 moribus
965 2845 974 2900 3
997 2822 1090 2886 aliam
1111 2822 1197 2906 apud
1212 2821 1277 2886 Fa-

252 2913 377 2990 bricios,
396 2912 489 2977 aliam
502 2913 586 2997 apud
600 2911 763 2998 Scipiones
775 2916 955 3001 pecuniam3
974 2925 1005 2980 et
1021 2923 1133 2980 cuncta
1150 2915 1191 2979 ad
1208 2937 1276 2980 rem

252 3004 412 3092 publicam
427 3006 549 3083 referri,
568 3008 733 3090 quatenui
750 3018 899 3094 angustas
918 3009 1032 3074 civium
1049 3007 1276 3094 domoapost-

254 3121 348 3184 quam
366 3121 403 3164 eo
420 3100 668 3185 magnificentiae
688 3094 820 3180 venerit,
843 3102 973 3188 gliscere
996 3103 1150 3188 singulos3
1173 3124 1276 3186 neque

253 3193 287 3259 iu
302 3191 423 3260 familia
440 3204 471 3258 et
488 3203 626 3279 argento,
643 3217 786 3279 quaeque
799 3197 840 3260 ad
857 3219 950 3260 usum
967 3206 1125 3282 parentur,
1142 3197 1275 3261 nimium

201 3316 243 3387 :gg
254 3287 372 3371 aliquid
385 3296 438 3352 aut
451 3289 609 3359 modicum
621 3289 683 3354 nisi
697 3312 737 3354 ex
748 3289 874 3355 fortuna
886 3290 1086 3375 possidentis.
1110 3290 1275 3359 distinctos

255 3390 381 3452 senatus
403 3391 435 3445 et
456 3382 595 3464 equitum
612 3404 739 3460 census,
761 3405 825 3447 non
846 3384 921 3467 quia
936 3383 1054 3448 diversi
1070 3393 1195 3461 natura,
1219 3383 1277 3447 sed

253 3483 289 3539 ut
309 3475 401 3552 locis,
424 3474 598 3553 ordinibus,
626 3476 855 3562 dignationibus
883 3477 1031 3542 antistent
1052 3487 1081 3542 ct
1102 3477 1172 3542 aliis
1194 3498 1276 3559 quae

255 3568 296 3632 ad
319 3568 460 3651 requiem
484 3569 580 3633 animi
605 3579 659 3634 aut
685 3570 897 3635 salubritatem
927 3593 1091 3659 corporum
1115 3580 1275 3656 parentur,

254 3661 316 3726 nisi
332 3660 413 3726 forte
430 3661 601 3728 clarissimo
619 3663 731 3746 cuique
747 3664 852 3750 plures
874 3686 979 3742 curas,
1002 3665 1121 3729 maiora
1136 3665 1278 3749 pericula

256 3753 427 3832 subeunda,
446 3755 659 3822 delenimentis
674 3778 817 3823 curarum
834 3768 866 3823 et
881 3759 1089 3844 periculorum
1107 3758 1277 3822 carendum

256 3870 334 3914 esse.
352 3848 491 3914 Facilem
504 3850 672 3914 adsensum
682 3848 775 3916 Gallo
788 3851 847 3916 sub
860 3851 1038 3922 nominibus
1050 3851 1191 3917 honestis
1201 3873 1276 3930 con·

256 3941 353 4007 fessio
374 3942 519 4008 vitiorum
540 3954 571 4009 et
593 3944 761 4010 similitudo
782 3945 974 4011 audientium
995 3945 1094 4023 dedit3
1121 3944 1278 4009 adiecerat

257 4045 288 4101 et
305 4035 450 4116 Tiberius
467 4060 531 4102 non
546 4038 580 4102 id
597 4049 719 4125 tempus
742 4062 905 4117 censurae,
928 4061 999 4117 nec,
1023 4039 1050 4104 si
1067 4039 1142 4122 quid
1159 4039 1193 4103 in
1209 4060 1277 4103 mo-

256 4127 342 4197 ribus
359 4126 491 4207 labaret,
510 4131 691 4199 defuturum
707 4133 881 4220 corrigendi
899 4141 1065 4198 auctorem.
1092 4162 1095 4166 ·
