3040 5046
326 501 391 570 244
674 506 1004 565 oouumnrncrrr

1240 609 1259 638 a.
1270 611 1291 639 n.
1301 601 1348 640 811.

323 672 431 749 nibus3
449 693 522 757 pars
540 669 573 734 in
585 666 746 753 planitiem
758 667 976 753 porrigebatur
990 667 1030 732 ad
1048 666 1248 752 explicandas
1262 669 1350 750 equi-

323 777 391 830 tum
412 775 539 830 turmas.
567 763 679 847 dieque
701 772 794 847 pacto
816 762 900 847 prior
919 760 1059 826 Corbulo
1081 761 1183 826 socias
1206 761 1349 826 cohortes

323 870 355 926 et
376 859 492 924 auxilia
517 881 628 944 regum
648 877 705 946 pro
728 855 889 933 cornibus,
915 855 1020 920 medio
1046 865 1168 920 sextam
1193 856 1349 942 legionem

323 953 494 1029 constituit,
514 952 565 1017 cui
582 951 682 1016 accita
699 973 756 1036 per
772 959 896 1014 noctem
914 949 983 1014 aliis
1002 971 1042 1013 ex
1060 950 1169 1014 castris
1188 951 1247 1014 tria
1263 950 1350 1013 milia

322 1049 523 1113 tertianorum
544 1045 782 1130 permiscuerat,
807 1067 869 1108 una
891 1065 962 1108 cum
979 1043 1103 1127 ¹aquila,
1126 1044 1216 1126 quasi
1239 1045 1349 1107 eadem

321 1142 404 1229 legio
427 1150 627 1228 spectaretur.
656 1139 812 1204 Tiridates
838 1147 986 1223 vergente
1008 1138 1071 1202 iam
1093 1138 1143 1203 die
1165 1138 1272 1223 procul
1294 1139 1349 1202 ad·

322 1237 408 1313 stitit,
428 1236 511 1299 unde
523 1233 622 1298 videri
640 1233 741 1318 magis
760 1254 855 1315 quam
873 1232 972 1296 audiri
990 1241 1111 1316 posset:
1129 1232 1173 1296 ita
1191 1233 1257 1296 sine
1276 1254 1349 1296 con-

321 1352 433 1416 gressu
455 1330 520 1394 dux
537 1328 698 1392 Romanus
722 1326 890 1392 abscedere
912 1325 1042 1390 militem
1065 1347 1122 1390 sua
1144 1347 1299 1410 quemque
1316 1326 1349 1390 in

321 1434 424 1490 eastra
441 1423 537 1487 iubet.

271 1538 302 1588 39
384 1518 455 1582 Rex
474 1517 539 1582 sive
551 1517 694 1581 fraudem
709 1525 903 1602 suspectans,
923 1517 997 1600 quia
1013 1517 1103 1602 plura
1120 1515 1213 1581 simul
1230 1517 1263 1581 in
1280 1517 1349 1581 loca

320 1612 436 1689 ibatur,
461 1611 526 1676 sive
548 1621 584 1674 ut
607 1620 798 1675 commeatus
821 1621 945 1675 nostros
967 1610 1100 1676 Pontico
1121 1611 1200 1675 mari
1222 1620 1252 1675 et
1270 1611 1349 1674 Tra-

320 1716 455 1792 pezunte
473 1705 589 1790 oppido
607 1704 810 1769 adventantes
828 1705 1034 1791 interciperet,
1052 1728 1183 1791 propere
1201 1706 1347 1782 discedit3

321 1799 377 1863 sed
394 1820 496 1882 neque
514 1796 740 1862 commeatibus
758 1798 823 1861 vim
841 1797 944 1863 facere
962 1800 1077 1884 potuit,
1096 1801 1170 1882 quia
1187 1823 1243 1884 per
1260 1822 1349 1864 mon-

320 1900 368 1956 tes
387 1891 579 1955 ducebantur
595 1891 760 1976 praesidiis
777 1892 892 1956 nostris
910 1892 1063 1970 insessos,
1087 1906 1118 1957 et
1137 1893 1289 1970 Corbulo,
1309 1915 1348 1958 ue

320 1985 441 2049 initum
462 1984 580 2050 bellum
598 1984 772 2049 traheretur
793 1994 889 2068 utque
907 1984 1075 2051 Armenios
1098 1988 1139 2051 ad
1161 2011 1219 2051 sua
1240 1987 1349 2051 defen·
1444 2033 1447 2038 -

320 2079 424 2143 denda
440 2089 575 2166 cogeret,
595 2079 760 2144 excindere
778 2088 868 2164 parat
886 2081 1022 2157 castella,
1041 2080 1163 2164 sibique
1191 2081 1276 2163 quod
1293 2103 1349 2145 va-

320 2173 509 2238 lidissimum
526 2173 559 2236 in
577 2195 615 2237 ea
631 2171 843 2258 praefectura,
867 2184 1075 2259 cognomento
1092 2174 1284 2251 Volandum,
1297 2198 1349 2238 su-

320 2267 390 2345 mit3
418 2267 537 2332 minora
560 2265 707 2332 Cornelio
728 2267 844 2333 Flacco
865 2268 970 2354 legato
997 2277 1028 2332 et
1048 2268 1167 2334 Insteio
1191 2267 1347 2354 Capitoni,

321 2370 493 2426 castrorum
518 2361 692 2447 praefecto,
719 2363 855 2426 mandat.
892 2373 959 2430 tum
986 2363 1219 2448 circumspectis
1246 2365 1349 2426 muni-

320 2456 442 2533 mentis,
462 2466 493 2520 et
509 2477 590 2538 quae
609 2456 832 2542 expugnationi
849 2456 961 2521 idonea
974 2457 1118 2544 provisis,
1138 2457 1279 2522 hortatur
1291 2458 1349 2520 mi-

319 2549 389 2615 lites
412 2559 447 2614 ut
467 2550 590 2616 hostem
611 2573 729 2636 vagum
754 2571 856 2632 neque
878 2551 949 2635 paci
971 2561 1024 2616 aut
1049 2551 1168 2638 proelio
1193 2559 1347 2636 paratum,

320 2645 376 2708 sed
397 2644 560 2729 perfidiam
578 2654 609 2708 et
631 2645 790 2730 ignaviam
812 2644 890 2731 fuga
911 2645 1110 2710 confitentem
1132 2655 1281 2711 exuerent
1299 2667 1349 2708 se-

319 2737 411 2802 dibus
429 2739 608 2823 gloriaeque
625 2739 740 2824 pariter
758 2749 789 2803 et
805 2741 939 2824 praedae
958 2740 1163 2805 consulerent.
1187 2748 1254 2803 tum
1272 2761 1349 2822 qua-

319 2831 480 2915 dripertito
494 2832 698 2897 exereituhos
712 2833 745 2896 iu
754 2834 942 2898 testudinem
956 2834 1158 2920 conglobatos
1169 2833 1348 2899 subruendo

319 2923 402 2987 vallo
419 2924 546 3001 inducit,
566 2925 643 2990 alios
663 2927 763 2991 scalas
777 2928 940 2993 moenibus
959 2929 1134 3006 admovere,
1153 2929 1267 2992 multos
1285 2937 1349 2991 tor-

320 3017 432 3080 mentis
451 3016 537 3081 faces
556 3027 587 3081 et
603 3019 710 3084 hastas
728 3021 866 3086 incutere
884 3023 984 3101 iubet;
1002 3023 1192 3088 libritoribus
1210 3022 1348 3086 fundito-

318 3110 467 3194 ribusque
486 3112 651 3192 attributus
669 3114 758 3180 locus
776 3117 859 3179 unde
874 3118 995 3182 eminus
1014 3118 1145 3204 glandes
1159 3126 1346 3200 torquerent,

318 3227 358 3268 ne
380 3227 443 3288 qua
463 3228 535 3291 pars
559 3207 734 3273 subsidium
759 3209 972 3276 laborantibus
1001 3213 1096 3276 ferret
1116 3212 1184 3297 pari
1210 3212 1347 3294 undique

318 3311 409 3367 metu.
443 3308 548 3365 tantus
571 3301 644 3366 inde
666 3304 765 3386 ardor
780 3304 926 3369 certantis
950 3307 1105 3370 exercitus
1128 3305 1188 3369 fuit
1211 3315 1245 3368 ut
1265 3305 1348 3368 intra

318 3395 441 3457 tertiam
463 3394 525 3458 diei
543 3405 664 3480 partem
684 3398 794 3462 nudati
816 3399 1100 3484 propugnatoribus
1123 3399 1217 3475 muri,
1240 3397 1346 3462 obices

317 3497 477 3571 portarum
504 3489 659 3567 subversi,
688 3501 780 3576 capta
802 3514 935 3556 escensu
956 3491 1149 3556 munimenta
1175 3511 1346 3573 omnesque
1372 3556 1375 3563 ,

318 3579 452 3664 puberes
475 3583 620 3648 trucidati
639 3584 713 3661 sint,
736 3585 822 3649 nullo
840 3585 937 3650 milite
960 3586 1090 3662 amisso,
1112 3585 1221 3670 paucis
1239 3584 1347 3648 admo·

318 3673 394 3738 dum
412 3675 595 3754 vtdueratis3
615 3687 646 3741 et
659 3677 773 3742 inbelle
786 3678 901 3764 vulgus
917 3678 976 3744 sub
995 3701 1108 3743 corona
1121 3678 1345 3753 venundatum,

318 3767 438 3850 reliqua
457 3770 575 3853 praeda
596 3770 766 3840 victoribus
791 3773 904 3837 cessit.v
924 3773 993 3857 pari
1015 3772 1140 3836 fortuna
1162 3772 1285 3858 legatus
1309 3792 1346 3834 ao

317 3862 494 3946 praefectus
512 3863 562 3928 usi
580 3874 667 3942 sunt3
690 3865 851 3949 tribusque
873 3889 937 3930 una
954 3867 1162 3945 diecastellis
1185 3887 1346 3950 expugna-

318 3955 358 4019 tis
381 3965 485 4020 cetera
507 3966 622 4022 terrore
645 3966 677 4022 et
698 3958 758 4023 alia
781 3970 891 4045 spoutc
913 3960 1085 4024 incolarum
1102 3961 1135 4022 in
1158 3960 1345 4024 deditionem

317 4049 492 4114 veniebant.
516 4052 599 4115 unde
618 4060 686 4116 orta
702 4051 818 4117 fiducia
835 4063 929 4139 eaput
943 4054 1045 4139 gentis
1061 4052 1215 4117 Artaxata
1233 4074 1345 4138 aggre-

318 4141 437 4220 diendi3
459 4165 518 4208 nec
539 4153 645 4208 tamen
665 4146 808 4229 proximo
825 4147 935 4220 itinere
954 4148 1066 4212 ductae
1085 4146 1239 4232 legiones,
1263 4167 1352 4228 quae.

319 4235 346 4298 si
367 4258 491 4301 amnem
512 4236 655 4317 Araxen,
683 4239 735 4321 qui
758 4241 889 4308 moenia,
902 4240 1003 4318 alluit,
1031 4250 1126 4324 ponte
1147 4239 1345 4333 transgrede7
