2760 4874
392 416 599 475 ANNALIUM
616 417 689 471 LIB.
704 416 785 471 XIII.
804 417 904 472 7-12.
1096 407 1158 471 231

135 508 295 558 amam

135 576 273 661 iurgium
291 596 330 638 ne
349 574 465 638 diutius
483 574 619 637 externis
634 573 812 658 spectaculo
826 582 918 651 esset,
937 573 1098 639 arbitrium
1115 578 1160 640 rei

136 668 298 735 obsidibus
321 667 495 753 legatisque
518 668 571 750 qui
589 689 643 732 eos
666 665 822 731 ducebant
842 668 1043 752 permissum3
1067 680 1160 752 atque

135 763 181 826 illi
197 771 354 826 recentem
372 760 505 846 gloriam
523 769 554 824 et
570 759 802 824 inclinationem
819 761 976 843 quandam
994 763 1088 826 etiam
1105 762 1161 828 ho·

137 857 231 921 stium
248 859 282 921 ia
297 854 476 919 Corbulone
489 853 675 939 praetulere:
693 853 777 919 unde
790 853 945 919 discordia
957 856 1038 920 iuter
1054 858 1160 935 duces,

136 959 285 1033 querente
303 948 465 1013 Ummidio
487 957 651 1033 praerepta
667 969 747 1030 quae
767 947 831 1012 suis
855 948 992 1013 consiliis
1009 951 1162 1034 patravis-

137 1052 194 1119 set,
214 1051 346 1106 testante
359 1051 467 1106 contra
481 1040 658 1106 Corbulone
671 1064 734 1105 non
746 1041 833 1126 prius
852 1062 1037 1107 conversum
1053 1066 1161 1130 regem

137 1137 178 1201 ad
196 1136 370 1201 offerendos
394 1135 520 1200 obsides
538 1157 632 1219 quam
654 1135 722 1219 ipse
741 1136 806 1199 dux
827 1134 909 1200 bello
932 1137 1070 1202 delectus
1089 1160 1160 1223 spes

136 1232 205 1296 eius
227 1230 268 1295 ad
289 1241 407 1294 metum
428 1237 576 1305 mutaret3
599 1228 682 1292 Nero
704 1250 766 1311 quo
789 1240 987 1313 componeret
1008 1231 1158 1310 diversos,

137 1326 183 1390 sic
205 1324 345 1410 evulgari
365 1323 470 1388 iussit:
494 1321 534 1386 ob
556 1344 606 1386 res
624 1345 644 1386 a
661 1320 823 1403 Quadrato
841 1331 871 1386 et
890 1321 1066 1388 Corbulone
1088 1348 1159 1410 pro-

137 1441 228 1504 spere
250 1427 356 1507 gestas
378 1418 501 1481 laurum
523 1414 662 1480 fascibus
685 1416 890 1502 imperatoriis
912 1417 995 1482 addi.
1026 1440 1106 1502 quae
1128 1419 1161 1482 in

137 1514 215 1578 alios
234 1511 378 1577 consules
397 1534 524 1598 egressa
542 1510 698 1575 coniunxi.

199 1607 323 1671 Eodem
337 1629 417 1670 anno
432 1605 551 1670 Caesar
564 1604 703 1692 effigiem
717 1602 776 1669 Cn.
790 1603 932 1669 Domitio
945 1606 1026 1690 patri
1043 1616 1074 1670 et
1087 1628 1161 1671 con·
1180 1627 1211 1673 10

137 1701 252 1766 sularia
276 1699 412 1785 insignia
432 1697 573 1764 Asconio
594 1697 752 1775 Labeoni,
779 1721 841 1782 quc
864 1708 964 1764 tutore
986 1722 1062 1764 usus
1085 1711 1160 1778 erat,

135 1794 245 1880 petivit
263 1817 281 1858 a
299 1804 423 1871 senatu3
447 1793 569 1876 sibique
587 1802 706 1857 statuas
728 1802 856 1879 argento
874 1794 924 1857 vel
946 1794 1160 1872 aureasblidas

137 1889 288 1952 adversus
312 1887 477 1952 offerentes
499 1887 671 1971 prohibuit3
699 1895 731 1951 et
751 1908 941 1969 quamquam
968 1889 1162 1953 censuissent

135 1991 251 2068 patres,
270 1992 305 2044 ut
322 1982 508 2067 principium
522 1981 596 2045 anni
612 1981 763 2065 inciperet
779 2002 887 2044 mense
900 1980 1079 2059 Decembri,
1098 2004 1161 2065 quo

137 2085 223 2141 ortus
242 2085 308 2141 erat
319 2075 413 2153 Nero,
431 2084 569 2140 veterem
586 2074 769 2160 religionem
785 2073 989 2138 kalendarum
1002 2075 1162 2139 Ianuaria-

136 2193 206 2234 rum
220 2170 394 2234 inchoando
409 2192 490 2235 anno
503 2169 643 2247 retinuit3
661 2190 763 2252 neque
775 2169 892 2253 recepti
910 2178 982 2232 sunt
994 2168 1074 2232 inter
1090 2191 1160 2233 reos

138 2262 271 2328 Carinas
291 2263 384 2328 Celer
402 2273 526 2329 senator
550 2285 640 2327 servo
658 2271 824 2326 accusante
843 2270 896 2326 aut
913 2261 1013 2326 Iulius
1031 2260 1160 2329 Densus

138 2367 295 2441 equester,
315 2358 365 2422 eui
382 2356 472 2422 favor
489 2358 523 2421 in
540 2356 756 2421 Britannicum
774 2356 895 2420 crimini
912 2355 1053 2421 dabatur.

203 2449 340 2516 Cmnmo
359 2451 500 2528 Neroua,
522 2451 564 2515 L.
582 2449 727 2515 Amiano
751 2448 930 2514 consulibus
953 2471 1025 2513 cum
1042 2450 1162 2514 inacta
1181 2469 1211 2516 11

136 2543 312 2628 principum
328 2543 465 2608 iurarent
481 2543 693 2630 magistratus,
711 2543 746 2607 in
762 2565 820 2607 sua
837 2552 907 2607 acta
925 2543 1076 2630 collegam
1094 2544 1163 2607 An-

137 2638 258 2702 tistium
270 2638 371 2702 iurare
385 2638 552 2723 prohibuit,
571 2638 695 2724 magnis
708 2647 833 2724 patrum
850 2637 1005 2715 laudibus,
1023 2648 1058 2701 ut
1075 2639 1163 2702 iuve-

137 2733 209 2796 nilis
223 2733 344 2797 animus
358 2733 475 2797 levium
488 2754 616 2816 quoque
629 2755 734 2797 rerum
751 2732 851 2818 gloria
869 2731 1010 2796 sublatus
1029 2733 1162 2798 maiores

138 2826 345 2904 continuaret3
378 2837 547 2910 secutaque
578 2826 689 2892 lenitas
715 2826 748 2891 in
773 2826 933 2891 Plautium
958 2827 1162 2904 Lateranum,

139 2941 233 3003 quem
251 2918 291 2984 ob
310 2919 496 2984 adulterium
513 2919 706 2985 Messalinae
728 2920 835 2985 ordine
854 2921 1013 2986 demotum
1030 2921 1164 2985 reddidit

139 3013 270 3089 senatui,
290 3013 486 3077 clementiam
504 3036 594 3078 suam
611 3013 809 3100 obstringens
828 3012 944 3079 crebris
962 3014 1163 3088 orationibus,

138 3128 218 3190 quas
243 3104 378 3184 Seneca,
400 3106 596 3171 testificando
617 3129 711 3190 quam
733 3108 865 3171 honesta
885 3109 1090 3192 praeciperet,
1113 3106 1164 3170 vel

138 3200 274 3264 iactandi
291 3200 422 3286 ingenii,
441 3223 518 3266 voce
535 3201 683 3285 principis
701 3200 860 3286 vulgabat.

206 3293 354 3358 Ceterum
371 3294 503 3359 infracta
515 3294 666 3378 paulatim
679 3294 818 3378 potentia
834 3294 941 3358 matris
960 3293 1089 3378 delapso
1101 3292 1165 3358 Ne-
1184 3315 1214 3362 12

138 3410 215 3453 rone
232 3388 266 3451 in
283 3411 419 3452 amorem
436 3387 579 3465 libertae,
602 3387 653 3452 cui
670 3386 857 3452 vocabulum
874 3384 957 3451 Acte
975 3386 1048 3463 suit,
1073 3387 1166 3450 simul

139 3480 310 3565 assumptis
332 3481 365 3544 in
391 3482 613 3546 conscientiam
634 3482 681 3546 M.
706 3479 833 3547 Othone
855 3491 886 3545 et
909 3480 1044 3545 Claudio
1067 3477 1166 3544 Sene-

139 3574 239 3650 cione,
258 3575 498 3640 adulescentulis
517 3576 647 3653 decoris,
666 3597 798 3659 quorum
813 3572 900 3640 Otho
918 3573 1036 3638 familia
1054 3595 1166 3637 consu-

138 3666 206 3744 lari,
227 3665 360 3733 Senecio
377 3666 488 3733 liberto
507 3667 653 3734 Caesaris
670 3678 758 3754 patre
776 3669 910 3754 genitus,
929 3667 1039 3752 ignara
1056 3676 1164 3743 matre,

139 3761 214 3826 dein
238 3761 355 3827 frustra
378 3763 549 3840 obnitente,
576 3764 700 3849 penitus
726 3763 898 3848 inrepserat
922 3783 979 3845 per
1003 3760 1113 3824 luxum
1135 3769 1166 3823 et

139 3854 289 3942 ambigua
311 3867 445 3936 secreta,
471 3881 511 3922 ne
534 3856 707 3923 senioribus
734 3856 861 3938 quidem
885 3854 1034 3940 principis
1056 3853 1166 3918 amicis

140 3950 394 4028 adversantibus,
413 3951 595 4016 muliercula
612 3950 698 4015 nulla
715 3950 898 4033 cuiusquam
916 3948 1029 4013 iniuria
1041 3947 1165 4032 cupidi-

138 4065 197 4107 nes
219 4043 367 4128 principis
392 4044 548 4130 explente,
572 4044 697 4128 quando
718 4064 814 4108 uxore
837 4042 877 4108 ab
896 4040 1046 4118 Octavia,
1068 4040 1165 4105 nobili

140 4137 268 4220 quidem
286 4147 317 4203 et
333 4138 496 4222 probitatis
511 4147 677 4223 spectatae,
695 4137 761 4202 fato
774 4136 910 4221 quodam
928 4159 969 4202 an
986 4136 1060 4220 quia
1076 4157 1167 4222 prae-
