2760 4874
400 375 900 434 ANNAL1UML113.1v.2e-3a.
1099 365 1161 429 129
1204 320 1276 399 *¹

154 499 159 511 .
171 469 211 510 Ch.
221 471 254 509 24.
364 506 368 511 ,

137 483 205 603 ium
224 534 331 622 Gyaro
354 543 408 599 aut
424 533 559 599 Donusa
581 533 789 598 claudendum
811 544 964 613 censeret,
987 535 1020 605 id
1037 557 1161 619 quoque

138 638 322 717 aspernatus
341 638 402 705 est,
422 649 672 714 egenam-aquae
690 637 854 710 utramque
870 629 1006 694 insulam
1022 629 1161 694 referens

137 725 321 806 dandosque
343 723 425 785 sitae
443 744 519 785 usus
543 721 594 785 cui
615 721 680 784 vita
701 722 935 787 concederetur:
957 723 1001 787 ita
1024 721 1162 788 Serenus

134 819 315 903 ‘Amorgum
331 824 514 900 reportatur.
538 823 569 879 et
586 815 659 898 quia
678 813 836 880 Cornutus
855 838 913 880 sua
928 826 1029 884 manu‘
1042 817 1162 880 cecide-

136 922 198 990 rat,
225 920 330 975 actum
355 910 395 973 de
417 909 567 993 praemiis
593 918 809 974 accusatorum
835 910 1010 988 abolendis,
1038 910 1066 974 si
1091 908 1161 993 quis

136 1005 307 1070 maiestatis
325 1002 500 1089 postulatus
519 1002 776 1087 anteperfectum
793 1003 943 1068 iudicium
961 1025 995 1068 se
1012 1004 1080 1088 ipse
1097 1003 1163 1073 vita

136 1089 336 1186 privarisset,
363 1096 527 1179 ibaturque
544 1096 577 1159 in
595 1117 665 1160 eam
683 1096 880 1174 sententiam,
907 1098 941 1161 ui
962 1097 1070 1162 durius
1088 1118 1162 1160 con-

137 1206 247 1277 traque
268 1214 388 1257 morem
410 1214 502 1255 suum
523 1190 627 1274 palam
648 1213 705 1276 pro
728 1191 960 1257 accusatoribus
979 1191 1099 1257 Caesar
1115 1191 1162 1253 in·

136 1289 213 1353 ritas
231 1286 335 1372 leges,
355 1284 596 1369 rempublicam
618 1285 651 1348 in
667 1284 830 1370 praecipiti
851 1294 1040 1368 conquestus
1063 1293 1160 1351 esset:

137 1378 354 1447 subverterent
365 1379 468 1464 potius
486 1378 555 1442 iura
572 1399 665 1461 quam
681 1379 826 1443 custodes
845 1401 953 1444 eorum
970 1388 1158 1444 amoverent.

138 1475 183 1540 sic
201 1473 368 1549 delatores,
391 1493 492 1557 genus
514 1470 674 1535 hominum
696 1471 822 1556 publico
844 1473 908 1536 exit
908 1473 940 1538 io
955 1481 1112 1557 repertum
1129 1482 1161 1535 et

137 1590 175 1632 ae
191 1567 300 1653 poenis
286 1566 445 1650 squidem
468 1586 617 1648 umquam
640 1565 715 1630 satis
737 1566 919 1645 coercitum,
946 1588 1003 1705 per
1023 1564 1162 1651 praemia
1204 1561 1207 1571 '

138 1661 348 1726 eliciebantur.
1137 1708 1143 1715 .

200 1754 263 1820 His
278 1763 342 1819 tam
355 1754 521 1845 adsiduist
522 1775 634 1836 amque
647 1754 774 1820 maestis
787 1755 911 1820 modica
922 1700 1040 1820 laetitia
1056 1754 1089 1818 iu
1090 1752 1162 1818 teri-
1179 1772 1209 1820 31
1323 1819 1330 1831 ,

137 1849 229 1927 citur,
248 1849 333 1932 quod
351 1847 389 1912 O.
409 1844 603 1924 Cominium,
622 1848 955 1930 equitemRomanum,
968 1847 1112 1934 probrosi
1129 1848 1162 1910 in

138 1965 173 2008 se
190 1942 336 2007 carminis
355 1942 547 2019 convictum,
567 1940 686 2006 Caesar
702 1941 847 2027 precibus
866 1943 980 2020 fratris,
999 1943 1054 2026 qui
1071 1964 1163 2025 sena

137 2046 186 2102 tor
203 2045 282 2115 erat,
305 2036 469 2101 concessit.
496 2057 558 2119 quo
576 2035 677 2123 magis
700 2036 813 2100 mirum
834 2035 1008 2100 habebatur
1028 2058 1161 2121 gnarum

136 2131 313 2209 meliorum,
331 2140 368 2195 et
385 2152 466 2214 quae
484 2129 570 2193 fama
591 2129 788 2219 clementiam
810 2139 1004 2212 sequeretur,
1027 2129 1162 2193 tristiora

137 2225 244 2303 malle;
271 2245 372 2307 neque
395 2224 478 2287 enim
501 2222 643 2287 socordia
663 2223 827 2307 peccabat3
854 2244 913 2288 nec
935 2222 1092 2288 occultum
1114 2231 1161 2285 est

136 2319 263 2401 quando
280 2340 320 2382 ex
341 2318 485 2394 veritate,
512 2317 638 2400 quando
664 2315 848 2381 adumbrata
868 2316 986 2381 laetitia
1002 2316 1087 2381 faeta
1103 2315 1162 2378 im·

136 2422 315 2498 peratorum
332 2412 539 2498 celebrentur:
558 2412 634 2494 quin
651 2412 720 2495 ipse
732 2412 914 2496 conpositus
933 2411 1009 2476 alias
1028 2419 1060 2475 ct
1076 2410 1163 2474 velut

137 2507 339 2571 eluctantium
356 2505 536 2583 verborum,
557 2505 690 2571 solutius
706 2505 943 2590 promptiusque
961 2502 1163 2588 eloquebatur

136 2600 279 2682 quotiens
298 2598 486 2665 subveniret.
510 2608 542 2664 at
559 2598 597 2663 P.
614 2596 771 2676 Suillium,
789 2608 986 2682 quaestorem
1004 2596 1162 2681 quondam

138 2692 332 2772 Germanici,
359 2716 432 2758 cum
457 2694 550 2759 Italia
571 2703 728 2759 arceretur
749 2695 909 2760 convietus
934 2694 1100 2779 pecuniam
1121 2691 1162 2767 ob

136 2811 203 2852 rem
220 2788 418 2852 iudicandam
429 2789 575 2873 cepisse,
599 2790 808 2867 amovendum
825 2788 858 2852 iu
875 2789 1010 2854 insulam
1031 2786 1161 2862 censuit,

137 2891 224 2946 tanta
245 2882 441 2946 contentione
464 2883 559 2951 animi
576 2892 612 2946 ut
628 2885 695 2947 tare
717 2883 848 2948 iurando
869 2882 1077 2968 obstringeret
1094 2902 1112 2945 e
1129 2901 1163 2944 re

137 2974 263 3060 publica
278 2975 312 3038 id
329 2996 413 3052 esse3
436 2977 521 3059 quod
538 2998 648 3060 aspere
665 2986 828 3062 acceptum
846 2977 1066 3061 adpraesens,
1089 2995 1164 3038 mox

139 3069 172 3132 in
188 3068 313 3132 laudem
326 3069 418 3132 vertit
430 3091 575 3155 regresso
590 3067 711 3148 Suillio,
730 3092 824 3153 quem
837 3071 915 3134 vidit
928 3090 1062 3153 sequens
1076 3077 1162 3133 aetas

137 3171 384 3248 praepotentem,
411 3163 554 3228 venalem
576 3173 607 3228 et
630 3163 755 3229 Claudii
779 3164 929 3249 principis
951 3163 1087 3228 amicitia
1109 3161 1164 3224 diu

137 3277 299 3341 prospere,
321 3274 492 3341 numquam
514 3257 594 3322 bene
615 3281 717 3323 usum.
746 3259 856 3322 eadem
877 3279 979 3343 poena
995 3258 1029 3321 in
1047 3255 1164 3321 Catum

138 3349 290 3415 Firmium
316 3352 492 3417 senatorem
515 3352 673 3430 statuitur,
701 3361 860 3435 tamquam
881 3350 970 3416 salsis
992 3348 1163 3414 maiestatis

139 3443 319 3509 criminibus
338 3466 476 3510 somrem
491 3446 670 3530 petivisset3
690 3444 858 3523 Catus,ut
874 3453 934 3509 rett
909 3445 988 3521 ttuli,
1005 3443 1163 3508 Libonem

139 3537 290 3603 inlexerat
277 3539 446 3617 tinsidiis,
474 3540 586 3604 deinde
607 3540 722 3606 indicio
743 3540 931 3625 perculerat3
957 3539 1024 3603 eius
1050 3560 1163 3623 operae

138 3653 257 3696 mernor
269 3621 426 3711 Tiberius,
446 3634 502 3697 sed
520 3633 580 3698 alia
596 3635 813 3718 praetendens,
827 3633 961 3698 exilium
978 3633 1162 3717 deprecatus

139 3733 201 3790 est:
220 3746 282 3809 quo
300 3727 403 3792 minus
423 3736 533 3792 senatu
549 3728 729 3812 pelleretur,
678 3750 811 3792 urnon
829 3726 957 3793 obstitit
1085 3732 1088 3739 '

201 3820 357 3905 Pleraque
379 3845 487 3888 eorum
508 3845 589 3906 quae
610 3833 671 3888 rett
645 3824 715 3887 ttuli
737 3832 879 3907 quaeque
896 3821 1043 3899 referam,
1065 3843 1163 3906 parva
1181 3843 1213 3892 32

139 3913 270 3980 forsitan
291 3927 323 3980 et
343 3913 425 4007 levia
446 3922 620 3987 memoratu
641 3918 741 3983 videri
762 3940 826 3982 nou
847 3917 973 3990 nescius
996 3938 1083 3981 sum:
1107 3918 1163 3982 sed

139 4031 231 4074 nemo
256 4012 384 4076 annales
411 4022 536 4078 nostros
561 4035 632 4078 cum
660 4013 813 4098 scriptura
838 4022 946 4078 eorum
972 4013 1165 4081 contenderit
1257 4094 1259 4098 y

126 4103 194 4189 -qui
219 4108 333 4179 veteris
359 4107 468 4192 populi
488 4107 624 4173 Romani
649 4129 700 4172 res
722 4128 928 4194 conposuere3
954 4106 1095 4193 ingentia
1118 4106 1164 4170 illi

193 4219 268 4266 Toetrt
277 4223 318 4266 ool.
330 4220 346 4264 1.
973 4216 991 4272 9
