2760 4874
408 418 616 479 aunemuu
633 420 706 475 mu.
720 421 786 475 ΧΠ.
805 423 908 476 a-ra
1104 409 1168 491 203

144 525 165 562 p.
178 512 218 551 cn.
229 513 261 550 eo.

145 579 292 646 Gotarzis
315 577 467 642 nobilitati
489 577 634 662 plebique
656 580 743 643 iuxta
764 579 1003 658 intolerandam3
1025 581 1089 645 iam
1106 581 1169 646 fra-

144 686 217 751 tres,
231 674 294 737 iam
302 672 502 757 propinquos,
517 672 580 736 iam
592 673 718 758 longius
732 674 807 738 sitos
822 673 969 738 caedibus
984 674 1152 743 exhaustos
1157 702 1168 754 3

143 769 225 834 adici
243 767 391 852 coniuges
406 766 562 853 gravidas,
580 766 694 832 liberos
712 790 836 853 parvos,
855 768 931 831 dum
949 790 1054 833 socors
1073 769 1166 848 domi,

137 863 233 928 -bellis
256 861 411 925 infaustus
433 861 592 945 ignaviam
615 861 745 925 saevitia
766 871 862 947 tegat.
890 871 1027 926 veterem
1050 863 1167 928 sibiae

142 956 267 1043 publice
281 964 424 1040 coeptam
437 954 600 1019 nobiscum
615 955 792 1032 amicitiam,
811 965 842 1020 et
856 954 1104 1021 subveniendum
1117 980 1168 1022 so-

143 1051 199 1115 ciis
222 1050 335 1114 ririum
358 1048 488 1113 aemulis
512 1049 757 1133 cedentibusque
774 1051 1067 1134 perreverentiam.
1094 1051 1167 1115 ideo

141 1160 252 1230 regum
265 1142 390 1208 obsides
404 1142 518 1207 liberos
532 1143 599 1206 dari
611 1152 655 1220 ut,
675 1143 703 1207 si
720 1144 882 1208 domestici
899 1144 1021 1230 imperii
1035 1144 1166 1220 taedeat,

142 1238 184 1304 sit
195 1261 357 1324 regressus
376 1237 416 1301 ad
433 1237 605 1322 principem
618 1246 794 1322 patresque,
813 1260 947 1322 quorum
964 1238 1103 1304 moribus
1117 1263 1168 1303 as-

142 1333 301 1398 suefactus
319 1355 376 1396 rex
393 1333 503 1396 melior
520 1333 753 1397 adscisceretur.

207 1427 272 1492 Ubi
282 1427 360 1491 haee
369 1436 462 1509 atque
472 1425 546 1491 talia
560 1427 775 1506 dissertavere,
790 1428 897 1513 incipit
906 1428 1076 1493 orationem
1086 1426 1167 1493 Cae·
1188 1450 1215 1495 11

142 1521 255 1586 sarde
281 1520 408 1606 fastigio
430 1520 575 1585 Romano
596 1519 847 1609 Parthorumque
870 1522 1042 1606 obsequiis3
1070 1544 1165 1606 seque

141 1615 215 1679 divo
231 1614 380 1700 Augusto
398 1614 607 1697 adaequabat,
630 1616 762 1699 petitum
781 1616 820 1681 ab
839 1639 876 1681 eo
893 1639 1000 1703 regem
1016 1617 1165 1692 referens,

141 1709 259 1773 omissa
268 1707 386 1772 Tiberii
399 1708 557 1785 memoria,
573 1730 763 1793 quamquam
776 1710 804 1774 is
819 1732 944 1795 quoque
956 1711 1092 1775 miserat.
1112 1711 1167 1775 ad-

141 1803 220 1867 didit
236 1811 452 1887 praecepta—
462 1802 575 1865 etenim
594 1803 700 1867 aderat
718 1803 1014 1869 Meherdates-‹ut
1031 1825 1095 1869 non
1112 1805 1167 1869 do-

140 1896 342 1960 minationem
360 1904 515 1960 et‘servos
535 1896 590 1960 sed
608 1907 758 1961 rectorem
777 1907 808 1961 et
825 1898 909 1962 cives
928 1897 1095 1983 cogitaret,
1106 1899 1167 1962 cle-

140 1989 351 2072 mentiamque
365 2011 402 2053 ac
414 1990 574 2067 iustitiam,
594 2000 710 2072 quanto
727 1991 837 2076 ignara
849 1990 1001 2068 barbaris,
1020 2000 1106 2056 tanto
1120 2002 1166 2056 to-

140 2083 284 2148 leratiora
297 2093 483 2168 capesseret.
502 2083 574 2148 hinc
588 2106 698 2148 versus
708 2085 748 2148 ad
757 2085 878 2170 legatos
888 2085 1007 2149 extollit
1020 2084 1164 2150 laudibus

140 2177 301 2242 alumnum
318 2176 419 2255 urbis,
444 2187 600 2262 spectatae
623 2179 664 2242 ad
680 2179 713 2243 id
731 2179 915 2243 modestiae:
939 2201 976 2243 ac
998 2187 1103 2242 tamen
1119 2179 1166 2243 fe-

139 2272 237 2335 renda
253 2293 365 2357 regum
381 2271 516 2357 ingenia,
536 2294 637 2356 neque
651 2273 722 2336 usui
736 2272 860 2340 crebras
878 2273 1075 2336 mutationes.
1097 2295 1165 2336 rem

139 2364 316 2429 Roma-nam
329 2365 390 2429 huc
405 2363 546 2429 satietate
560 2366 677 2450 gloriae
690 2376 870 2451 provectam
883 2375 918 2430 ut
935 2366 1070 2430 externis
1089 2388 1166 2449 quo-

140 2479 203 2541 que
220 2457 366 2544 gentibus
384 2460 521 2542 quietem
539 2460 622 2524 velit.
646 2460 753 2524 datum
771 2460 902 2545 posthac
917 2458 955 2525 O.
971 2458 1092 2537 Cassio,
1111 2461 1166 2544 qui

142 2550 254 2637 Syriae
271 2561 426 2637 praeerat,
446 2553 599 2618 deducere
617 2553 763 2618 iuvenem
780 2554 880 2639 ripam
898 2554 939 2618 ad
956 2552 1137 2638 Euphratis.
1182 2583 1184 2586 ⁴

203 2646 255 2710 Ea
272 2644 456 2732 tempestate
476 2646 607 2712 Cassius
627 2657 745 2712 ceteros
763 2646 977 2733 praeminebat
993 2646 1105 2732 peritia
1120 2647 1166 2712 le·
1186 2669 1215 2715 12

139 2763 230 2826 gum3
252 2763 326 2804 nam
347 2739 495 2805 militares
519 2750 601 2806 artes
623 2763 679 2826 per
701 2741 799 2805 otium
821 2741 959 2828 ignotae,
981 2741 1166 2806 industrios·

140 2855 203 2916 que
227 2843 280 2897 aut
301 2833 432 2918 ignavos
453 2834 569 2918 pax-in
590 2856 690 2917 aequo
712 2843 806 2899 tenet.
826 2833 870 2899 ¹ac
893 2842 997 2899 tamen
1014 2843 1165 2917 quantum

140 2928 207 2992 siue
229 2925 311 2991 bello
334 2926 478 3004 dabatur,
505 2950 651 2993 revocare
694 2928 811 2993 riscum
837 2951 968 3006 morem,
997 2929 1165 2993 exercitare

138 3021 293 3106 legiones,
313 3043 399 3098 cura,
422 3022 551 3106 provisu
568 2951 696 3107 perindie
714 3045 808 3108 agere
826 3045 862 3087 ac
880 3023 907 3086 si
924 3022 1023 3088 hostis
1041 3022 1165 3108 ingrue-

138 3126 200 3180 ret:
218 3116 262 3180 ita
279 3116 409 3201 dignum
426 3116 595 3181 maioribus
611 3117 677 3181 suis
695 3127 726 3181 et
742 3117 863 3194 familia
876 3115 990 3181 Cassia
1006 3128 1091 3179 ratas
1108 3137 1165 3200 per

138 3210 209 3275 illas
223 3231 345 3294 quoque
359 3219 469 3296 gentes
483 3210 647 3275 celebrata.
669 3211 765 3296 igitur
778 3211 887 3275 excitis
901 3232 1033 3293 quorum
1046 3209 1085 3273 de
1095 3231 1165 3272 sen-

139 3305 235 3370 tentia
252 3305 366 3390 petitus
384 3328 454 3383 rex,
477 3305 650 3390 positisque
672 3304 782 3369 castris
801 3303 884 3388 apud
903 3303 1058 3388 Zeugma,
1082 3302 1164 3366 unde

138 3400 275 3465 maxime
295 3399 554 3484 pervius‘amnis,
577 3409 745 3484 postquam
766 3398 903 3463 illustres
920 3397 1030 3462 Parthi
1046 3417 1164 3478 rexque

140 3491 282 3558 Arabum
298 3493 445 3558 Acbarus
458 3494 644 3571 advenerat,
667 3501 773 3557 monet
789 3491 996 3556 Meherdaten
1018 3488 1165 3554 barbaro-

137 3609 209 3651 rum
221 3587 356 3673 impetus
370 3610 457 3652 acres
471 3588 665 3652 cunctatione
678 3586 880 3672 languescere
895 3595 948 3650 aut
961 3585 994 3649 in
1002 3583 1164 3669 perfidiam

109 3766 111 3770 .
138 3681 266 3745 mutari:
288 3682 332 3746 ita
348 3692 474 3769 urgeret
496 3691 615 3767 coepta.
643 3681 728 3764 quod
751 3689 889 3766 spretum
907 3679 1017 3743 fraude
1028 3675 1162 3753 Acbari,

137 3775 193 3858 qui
205 3774 351 3839 iuvenem
364 3776 509 3862 ignarum
526 3785 557 3840 et
576 3799 730 3840 summam
743 3775 901 3839 fortunam
918 3774 952 3837 iu
967 3773 1044 3838 luxu
1060 3780 1163 3836 ratum

137 3868 253 3933 multos
275 3891 332 3954 per
354 3871 420 3936 dies
443 3871 568 3935 attinuit
589 3870 674 3956 apud
696 3869 846 3955 oppidum
862 3869 1032 3944 Edessam3
1056 3877 1087 3931 et.
1108 3888 1163 3930 vo-

137 3971 230 4027 cante
249 3960 370 4028 Carene
387 3974 610 4049 promptasque
627 3985 678 4028 res
696 3971 884 4040 ostentante,
904 3962 931 4027 si
949 3961 1002 4025 citi
1019 3959 1163 4025 advenis-

137 4064 218 4133 sent,
236 4079 300 4121 non
317 4058 491 4122 comminus
509 4057 785 4143 Mesopotamiam,
805 4056 862 4121 sed
878 4056 961 4120 flexu
978 4053 1162 4138 Armeniam

137 4151 309 4234 petunt,id
326 4152 474 4238 temporis
492 4153 699 4238 inportunam,
719 4151 793 4234 quia
809 4151 910 4215 hiems
928 4147 1109 4234 accipiebat.
1172 4210 1176 4228 ,
