2760 4874
234 393 274 455 10
580 397 763 455 CORNELII
777 397 908 453 TACITI

1145 492 1252 530 antot.

232 559 493 645 Pompeianarum
510 555 642 640 gratiam
659 555 793 639 partium
798 579 807 631 ;
825 578 900 619 mox
917 555 971 620 ubi
988 556 1113 621 decreto
1129 566 1253 640 patrum

231 655 334 720 fasces
356 651 457 716 etius
480 649 630 734 praetoris
654 649 816 726 invaserit,
840 650 939 714 caesis
962 650 1066 715 Hirtio
1088 661 1120 715 et
1136 651 1260 729 Pansa,

232 749 297 815 aive
315 745 414 810 hostis
431 745 515 820 illos,
543 766 599 808 seu
616 742 755 806 Pansam
776 765 930 806 venenum
953 744 1073 808 vulneri
1095 744 1253 822 adfusum,

232 842 281 908 sui
302 840 415 904 milites
433 838 572 902 Hirtium
590 846 621 901 et
642 835 834 901 machinator
850 837 914 901 doli
933 835 1051 902 Caesar
1073 837 1258 915 abstulerat,

231 935 393 1016 utriusque
410 932 515 1017 copias
534 931 736 1015 occupavisse
742 953 751 1006 3
769 939 924 993 extortum
935 931 1033 995 invito
1052 940 1163 995 senatu
1180 953 1255 996 con-

231 1028 377 1104 sulatum,
396 1046 545 1108 armaque
557 1045 638 1108 quae
650 1024 683 1088 in
695 1022 869 1088 Antonium
882 1025 1044 1109 acceperit,
1064 1033 1170 1089 contra
1186 1047 1253 1089 rem

230 1120 388 1206 publicam
409 1128 514 1197 'versa;
540 1117 797 1205 proscriptionem
819 1117 947 1193 civium,
970 1118 1139 1182 divisiones
1162 1140 1255 1203 agro-

230 1235 300 1278 rum
317 1236 357 1278 ne
375 1213 452 1299 ipsis
470 1213 597 1297 quidem
615 1213 669 1298 qui
683 1211 801 1288 fecere,
825 1211 977 1276 laudatas.
1006 1233 1080 1277 sane
1100 1209 1205 1276 Cassii
1223 1222 1255 1276 et

231 1307 400 1372 Brutorum
418 1307 519 1371 exitus
537 1305 672 1390 paternis
690 1304 858 1368 inimicitiis
876 1304 976 1381 datos,
995 1326 1186 1389 quamquam
1203 1304 1253 1368 fas

232 1401 273 1465 sit
293 1400 414 1484 privata
436 1399 508 1463 odia
529 1398 662 1484 publicis
684 1396 868 1462 utilitatibus
890 1399 1060 1462 remittere:
1084 1398 1140 1462 sed
1157 1396 1254 1462 Pom-

231 1493 335 1577 peium
357 1492 493 1576 imagine
514 1492 615 1576 pacis,
639 1492 696 1556 sed
716 1491 876 1576 Lepidum
899 1491 1002 1575 specie
1024 1491 1178 1556 amicitiae
1200 1493 1255 1556 de-

232 1595 353 1671 ceptos:
371 1595 443 1669 post
460 1583 647 1661 Antonium,
666 1583 840 1652 Tarentino
857 1583 1109 1667 Brundisinoque
1127 1584 1254 1648 foedere

232 1686 263 1743 et
287 1677 404 1762 nuptiis
432 1677 545 1741 sororis
571 1676 732 1751 inlectum,
766 1676 915 1741 subdolae
941 1677 1109 1742 adfinitatis
1135 1699 1253 1762 poenas

232 1780 330 1835 morte
356 1769 538 1833 exsolvisse.
568 1791 679 1854 pacem
706 1770 773 1834 sine
799 1768 894 1834 dubio
924 1770 1113 1855 posthaec,
1145 1792 1254 1834 verum

232 1872 403 1928 cruentam:
417 1862 578 1926 Lollianas
589 1861 803 1945 Varianasque
816 1863 930 1939 clades,
944 1864 1123 1929 interfectos
1132 1863 1254 1928 Romae

232 1956 403 2032 Varrones,
426 1955 593 2040 Egnatios,
616 1956 713 2020 Iulos.
740 1978 799 2020 nec
820 1958 1000 2022 domesticis
1023 1957 1252 2022 abstinebatur:

169 2057 172 2062 ’
232 2052 367 2116 abducta
383 2049 500 2114 Neroni
521 2072 602 2114 uxor
619 2059 650 2114 et
667 2051 800 2115 consulti
817 2073 874 2136 per
894 2051 1063 2117 ludibrium
1079 2053 1253 2137 pontifices,

232 2169 272 2208 an
289 2154 439 2228 concepto
457 2144 589 2232 necdum
607 2143 690 2208 edito
707 2155 798 2228 partu
815 2145 873 2208 rite
890 2143 1034 2223 nuberet3
1053 2144 1093 2227 Q.
1114 2146 1206 2210 Tedii
1220 2156 1254 2210 et

231 2238 325 2304 Vedii
342 2237 492 2303 Pollionis
510 2237 617 2315 luxus:
639 2247 797 2322 postremo
814 2238 910 2302 Livia
931 2239 1036 2323 gravis
1058 2239 1091 2303 in
1112 2261 1179 2302 rem
1195 2261 1255 2322 pu-

231 2330 345 2396 blicam
362 2343 470 2409 mater,
489 2331 594 2417 gravis
608 2331 715 2395 domui
729 2329 902 2396 Caesarum
919 2353 1062 2397 noverca.
1085 2332 1162 2396 nihil
1180 2332 1254 2396 deo-

230 2449 301 2490 rum
317 2425 487 2490 honoribus
505 2425 660 2501 relictum,
684 2447 757 2488 curn
779 2447 813 2488 se
835 2425 959 2509 templis
978 2436 1009 2489 et
1026 2425 1131 2511 effigie
1152 2425 1255 2489 numi-

231 2542 306 2584 num
324 2541 380 2604 per
400 2519 541 2583 flamines
564 2529 595 2582 et
618 2518 794 2583 sacerdotes
818 2518 879 2582 coli
900 2518 1003 2582 vellet.
1030 2541 1070 2583 ne
1092 2518 1255 2583 Tiberium

231 2615 357 2698 quidem
379 2615 505 2678 caritate
528 2624 581 2676 aut
598 2613 643 2677 rei
664 2612 808 2697 publicae
826 2634 900 2677 cura
923 2634 1136 2677 successorem
1153 2612 1255 2676 adsci-

231 2718 315 2785 tum:
338 2707 564 2790 sedquoniam
587 2707 801 2792 adrogantiam
824 2707 1048 2790 saevitiamque
1070 2707 1136 2783 eius
1159 2706 1255 2770 intro-

232 2800 376 2885 spexerit,
395 2800 625 2884 comparatione
639 2800 804 2864 deterrima
822 2800 882 2865 sibi
899 2800 1033 2886 gloriam
1050 2799 1253 2883 quaesivisse.

231 2890 358 2957 Etenim
379 2890 546 2978 Augustus
573 2893 681 2978 paucis
704 2903 775 2956 ante
801 2894 890 2957 annis
919 2916 990 2958 cum
1013 2893 1139 2958 Tiberio
1158 2892 1256 2956 tribu-

232 2985 345 3057 niciam
367 2995 554 3071 potestatem
577 3009 597 3050 a
617 2986 756 3071 patribus
783 3011 907 3052 rursum
933 2988 1117 3072 postularet,
1144 3009 1255 3069 quam-

110 3109 114 3116 ·
229 3101 326 3162 quam
343 3079 462 3144 honora
478 3080 626 3157 oratione,
644 3082 797 3164 quaedam
816 3082 855 3145 dc
872 3081 982 3146 habitu
995 3082 1141 3163 cultuque
1160 3090 1191 3146 et
1207 3081 1255 3144 in·

233 3172 347 3238 stitutis
366 3173 432 3237 eius
449 3174 572 3251 iecerat,
592 3196 672 3256 quae
690 3175 774 3238 velut
792 3175 971 3240 excusando
989 3174 1197 3260 exprobraret.

184 3290 212 3336 11
297 3264 444 3330 Ceterum
458 3267 617 3352 sepultura
634 3290 719 3332 more
736 3267 876 3353 perfecta
888 3268 1037 3352 templum
1055 3277 1087 3332 et
1104 3267 1254 3332 caelestes

230 3360 396 3445 religiones
419 3360 634 3425 decernuntur.
661 3383 771 3426 versae
792 3362 864 3426 inde
887 3363 927 3426 ad
945 3361 1106 3426 Tiberium
1128 3381 1252 3446 preces:

81 3476 92 3493 ⁴
210 3464 263 3519 set
284 3455 336 3518 ille
358 3454 443 3518 varie
464 3454 637 3520 disserebat
658 3456 697 3519 de
720 3456 933 3541 magnitudine
954 3455 1171 3541 imperii,‘sua
1188 3476 1255 3517 mo-

232 3547 344 3611 destia:
365 3546 464 3618 solam
481 3548 546 3611 divi
561 3546 700 3633 Augusti
717 3558 852 3612 mentem
870 3557 974 3612 tantae
991 3548 1082 3612 molis
1096 3568 1254 3632 capacem:

233 3663 267 3705 se
288 3641 321 3705 in
342 3651 463 3724 partem
490 3662 634 3705 curarum
655 3641 694 3706 ab
717 3641 770 3705 illo
792 3652 938 3706 vocatum
961 3641 1148 3727 experiendo
1175 3639 1255 3703 didi-

232 3737 326 3814 cisse,
354 3758 450 3818 quam
471 3737 615 3814 arduum,
642 3757 737 3820 quam
760 3735 935 3800 subiectum
956 3736 1100 3800 fortunae
1125 3733 1254 3820 regendi

233 3839 344 3893 cuncta
362 3852 450 3894 onus.
472 3831 602 3914 proinde
619 3829 652 3893 in
674 3829 797 3894 civitate
814 3837 861 3893 tot
878 3828 1060 3893 inlustribus
1082 3828 1157 3891 viris
1180 3825 1255 3891 sub·

232 3923 306 3986 nixa
323 3945 385 3986 non
403 3924 443 3986 ad
462 3946 558 3987 unum
576 3923 680 3987 omnia
698 3923 867 3988 deferrent:
884 3922 988 4007 plures
1007 3920 1130 3984 facilius
1148 3919 1256 3982 munia

231 4015 276 4079 rei
298 4013 441 4099 publicae
460 4017 584 4082 sociatis
606 4015 764 4086 laboribus
787 4024 998 4081 exsecuturos.
1029 4012 1108 4077 Plus
1130 4012 1164 4075 in
1187 4033 1255 4075 ora-

233 4109 315 4172 tioue
338 4108 392 4172 tali
410 4108 568 4193 dignitatis
591 4132 685 4196 quam
702 4110 775 4175 fidei
796 4120 861 4174 erat
867 4135 876 4187 3
900 4107 1088 4191 Tiberioque
1111 4106 1205 4170 etiam
1222 4104 1255 4167 in
