2760 4874
262 382 303 446 26
608 386 790 444 CORNELII
803 384 936 440 TACITI

1174 484 1194 512 a.
1204 485 1226 514 u.
1237 476 1280 514 767.

259 552 381 614 mittere
398 548 510 613 Rheno
531 554 635 631 parat,
659 545 686 608 si
703 544 867 628 imperium
889 543 1087 619 detrectetur,
1111 541 1194 606 bello
1217 564 1284 606 eer-

211 761 243 809 46
261 655 507 803 tatuilutsldemae
524 733 662 797 nondum
681 732 819 817 cognito,
838 731 892 814 qui
909 730 1022 794 fuisset
1040 731 1140 795 exitus
1157 731 1191 794 in
1208 730 1286 815 Illy-

260 834 340 908 rico,
364 839 396 894 et
411 828 571 914 legionum
590 824 847 891 Germanicarum
869 835 955 888 motu
973 825 1080 889 audito
1102 825 1224 908 trepida
1241 825 1285 888 ei-

261 927 341 990 vitas
358 924 501 987 incusare
520 920 681 984 Tiberium
698 919 797 1002 quod,
816 919 892 981 dum
909 928 1013 1002 patres
1032 928 1063 982 et
1079 918 1217 1002 plebem,
1236 918 1285 980 in-

261 1018 366 1083 valida
387 1025 419 1080 et
438 1014 582 1091 inermia,
610 1012 806 1078 cunctatione
828 1012 901 1076 licta
921 1011 1110 1088 ludificetur,
1133 1011 1285 1075 dissideat

260 1111 384 1177 interim
397 1108 487 1173 miles
500 1129 601 1190 neque
616 1107 747 1171 duorum
762 1105 1007 1170 adulescentium
1024 1105 1164 1170 nondum
1177 1105 1285 1169 adrdta

261 1204 443 1270 auctoritate
456 1201 618 1286 comprimi
630 1208 738 1283 queat:
751 1199 796 1264 ire
809 1199 913 1284 ipsum
927 1209 958 1263 et
970 1221 1125 1284 opponere
1139 1199 1284 1263 maiesta-

262 1310 325 1365 tem
341 1295 571 1381 imperatoriam
589 1293 735 1358 debuisse
753 1293 901 1371 cessuris,
925 1291 979 1356 ubi
1000 1293 1173 1376 prinoipem
1189 1292 1285 1377 longa

262 1390 452 1477 experientia
474 1389 669 1470 eundemque
696 1387 868 1452 severitatis
891 1395 922 1450 et
947 1387 1176 1452 munificentiae
1200 1408 1285 1450 sum-

151 1539 156 1548 ,
261 1509 348 1550 mum
365 1483 527 1547 vidissent.
550 1505 591 1545 an
604 1481 788 1567 Augustum
806 1481 892 1544 fessa
910 1490 1009 1544 aetate
1028 1480 1139 1545 totiens
1158 1479 1192 1543 in
1205 1477 1284 1544 Ger-

261 1579 381 1643 manias
400 1597 574 1641 commeare
596 1575 754 1660 potuisse:
772 1573 933 1638 Tiberium
951 1573 1109 1658 vigentem
1126 1573 1217 1638 annis
1236 1595 1284 1638 se-

262 1674 335 1737 dere
348 1672 381 1735 in
395 1679 514 1746 senatu,
529 1668 626 1733 verba
637 1678 761 1752 patrum
770 1668 986 1732 cavillantem?
999 1669 1074 1732 satis
1083 1677 1284 1753 prospectum

261 1766 398 1831 urbanae
422 1763 574 1829 servituti:
597 1763 782 1827 militaribus
806 1762 917 1826 animis
935 1762 1113 1827 adhibenda
1134 1762 1283 1840 fomenta,

260 1870 297 1924 ut
313 1860 394 1923 ferre
411 1879 522 1942 pacem
539 1857 645 1921 velint.

212 1976 241 2021 47
324 1953 483 2016 Inmotum
497 1951 648 2015 adversus
662 1972 715 2014 eos
735 1971 892 2015 sermones
906 1950 1064 2032 fixumque
1078 1948 1206 2014 Tiberio
1225 1949 1285 2012 fuit

260 2069 324 2111 non
341 2045 482 2110 omittere
505 2052 599 2128 eaput
616 2065 720 2107 rerum
741 2064 843 2125 neque
857 2065 901 2108 se.
918 2065 1046 2126 remque
1069 2043 1229 2126 publicam
1251 2043 1284 2106 in

262 2162 369 2204 casum
392 2139 479 2214 dare;
502 2138 610 2201 multa
621 2137 737 2222 quippe
760 2145 791 2201 et
813 2137 938 2201 diversa
959 2136 1129 2222 angebant:
1152 2135 1285 2200 validior

260 2255 316 2318 per
334 2229 536 2297 Germaniam
557 2230 725 2307 exercitus,
747 2231 874 2315 propior
896 2231 980 2314 apud
998 2230 1208 2307 Pannoniam3
1231 2230 1283 2294 ille

262 2324 435 2391 Galliarum
457 2323 569 2408 opibus
592 2323 759 2401 subnixus,
786 2323 838 2387 bie
860 2324 970 2387 Italiae
996 2323 1176 2388 imminens:
1203 2345 1282 2407 quos

260 2421 355 2506 igitur
372 2419 556 2483 anteferret?
577 2440 615 2483 ac
631 2442 671 2483 ne
692 2417 858 2504 postpositi
879 2418 1065 2483 contumelia
1082 2419 1288 2482 incenderem

148 2556 156 2570 ·
260 2525 319 2578 tur.
342 2521 375 2577 at
392 2535 448 2597 per
465 2511 545 2577 filios
563 2513 679 2597 pariter
700 2513 791 2590 adiri,
814 2512 976 2577 maiestate
994 2512 1093 2589 salva,
1116 2512 1168 2576 eui
1185 2513 1285 2577 maior

261 2631 279 2671 e
299 2607 470 2692 longinquo
495 2607 683 2685 reverentia3
709 2606 804 2671 simul
824 2605 1076 2671 adulescentibus
1099 2616 1283 2670 excusatum

260 2701 415 2783 quaedam
432 2700 473 2762 ad
489 2709 609 2783 patrem
627 2701 752 2776 reicere,
770 2700 1005 2783 resistentisque
1024 2698 1212 2765 Germanico
1230 2711 1285 2764 aut

260 2793 369 2856 Druso
385 2813 480 2876 posse
498 2814 518 2854 a
536 2814 568 2856 se
587 2793 723 2878 mitigari
739 2793 790 2858 vel
807 2793 949 2881 infringi:
972 2795 1056 2878 quod
1078 2793 1163 2858 aliud
1181 2794 1284 2860 subsi-

261 2883 360 2961 dium,
385 2886 412 2949 si
432 2885 650 2968 imperatorem
673 2886 884 2970 sprevissent?
905 2898 1043 2952 ceterum
1063 2888 1184 2953 utiam
1206 2889 1284 2957 iam·

260 3001 322 3062 que
343 2979 442 3042 iturus
464 2979 541 3064 legit
563 2980 706 3056 comites,
730 2981 917 3064 conquisivit
933 2981 1169 3067 impedimenta,
1193 2982 1284 3047 ador·

259 3073 346 3136 navit
359 3094 469 3136 naves:
484 3096 558 3137 mox
568 3072 706 3137 hiemem
719 3083 774 3138 aut
785 3075 912 3160 negotia
924 3075 1008 3139 varie
1022 3085 1169 3140 causatus
1182 3075 1284 3160 primo

260 3166 442 3250 prudentes,
461 3167 534 3230 dein
550 3167 693 3253 vulgum,
713 3168 884 3233 diutissime
901 3169 1077 3253 provincias
1096 3168 1217 3233 fefellit

210 3277 242 3324 ss
303 3278 306 3286 ’
324 3258 370 3323 At
388 3257 611 3338 Germanicus,
635 3283 825 3345 quamquam
848 3270 1005 3327 contracto
1023 3263 1161 3327 exercitu
1179 3271 1211 3327 et
1227 3285 1283 3347 pa-

259 3362 326 3417 rata
347 3353 380 3416 in
398 3353 570 3419 defectores
594 3355 722 3432 ultione,
746 3356 885 3419 dandum
908 3356 1010 3420 adhuc
1028 3356 1164 3442 spatium
1185 3365 1282 3432 ratus,
1362 3362 1365 3369 '

261 3448 288 3512 si
304 3448 420 3513 recenti
438 3448 580 3533 exemplo
599 3447 659 3513 sibi
676 3449 737 3534 ipsi
754 3449 960 3526 consulerent,
978 3451 1147 3534 praemittit
1163 3449 1282 3514 litteras

260 3542 300 3605 ad
319 3540 501 3619 Caecinam,
522 3543 626 3606 venire
645 3565 678 3607 se
696 3543 800 3607 valida
816 3567 911 3607 manu
929 3566 975 3620 ac,
994 3544 1027 3607 ni
1046 3543 1233 3628 supplicium
1251 3543 1283 3606 in

260 3636 358 3700 malos
375 3647 589 3721 praesumant,
614 3660 745 3702 usurum
765 3637 923 3722 promisca
940 3639 1049 3702 caede:
1073 3636 1284 3715 esseCaecina

260 3731 430 3812 aquiliferis
459 3732 678 3818 signiferisque
701 3742 732 3796 et
753 3732 838 3815 quod
863 3732 998 3798 maxime
1025 3742 1198 3796 castrorum
1220 3731 1283 3795 sin-

260 3845 367 3888 cerum
391 3834 457 3888 erat
482 3826 602 3889 occulte
627 3826 749 3902 recitat,
780 3835 877 3909 utque
903 3835 1031 3890 cunctos
1057 3825 1220 3902 infamiae,
1249 3846 1283 3888 se

259 3918 344 4000 ipsos
363 3920 454 3983 morti
472 3921 609 3984 eximant
625 3921 778 3997 hortatur3
803 3944 874 3984 nam
892 3922 924 3985 in
941 3943 1019 4006 pace
1038 3944 1150 3986 causas
1168 3930 1201 3984 et
1217 3943 1283 3984 me-

259 4011 318 4074 rita
344 4014 489 4096 spectari:
516 4014 569 4079 ubi
595 4014 712 4080 bellum
738 4015 875 4101 ingruat,
902 4016 1084 4080 innocentes
1110 4037 1148 4079 ac
1169 4015 1281 4079 noxios

260 4103 346 4168 iuxta
364 4105 484 4169 eadere.
511 4107 561 4171 Illi
583 4109 740 4193 temptatis
763 4131 841 4192 quos
859 4109 988 4193 idoneos
1010 4109 1171 4185 rebantur,
1195 4117 1282 4193 post
