2760 4874
139 372 200 436 128
488 381 671 438 coarann
685 379 813 437 raom

1002 491 1009 502 .
1050 481 1072 510 a.
1084 475 1166 514 mm.

137 562 253 625 susque
280 563 300 604 a
326 540 463 605 Caesare
488 560 619 623 propere
647 536 754 603 Staius
785 537 928 602 tribunus
959 559 1032 602 eum
1059 540 1169 605 valida

136 658 232 698 manu
250 635 362 699 ducem
380 634 484 718 ipsum
501 642 532 696 et
548 632 708 717 proximos
731 631 863 696 audacia
879 631 911 696 in
928 631 1039 695 urbem
1058 634 1166 711 traxit,

135 729 199 792 iam
217 728 370 813 trepidam
387 726 427 791 ob
445 726 674 810 multitudinem
692 725 891 802 familiarum,
909 745 991 807 quae
1008 724 1168 812 gliscebat

136 822 313 885 inmensum
331 821 449 884 minore
466 820 500 883 in
517 819 583 883 dies
601 818 696 903 plebe'
710 819 856 903 ingenua.

86 937 118 985 28
200 916 307 980 Isdem
330 913 510 979 consulibus
536 912 730 976 miseriarum
753 933 789 976 ac
812 912 960 976 saevitiae
983 912 1166 998 exemplum

137 1020 239 1086 atrox,
263 1030 335 1072 reus
358 1016 460 1091 pater,
485 1015 646 1070 aecusator
667 1005 750 1069 filius
768 1042 808 1051 -
827 1026 943 1069 nomen
964 1007 1090 1090 utrique
1108 1007 1166 1072 Vi-

136 1103 208 1168 bius
233 1100 371 1167 Serenus
393 1137 434 1149 —
456 1099 490 1162 in
513 1108 655 1164 senatum
677 1099 796 1162 inducti
809 1108 909 1176 ·sunt;
936 1097 977 1164 ab
1000 1099 1096 1165 exilio
1117 1123 1166 1165 re·

137 1206 253 1261 tractus
267 1194 446 1278 inluvieque
460 1214 496 1257 ac
510 1193 653 1276 'squalore
663 1192 783 1259 obsitus
797 1202 828 1256 et
841 1202 908 1256 tum
921 1194 1165 1259 catenavinctus

139 1287 254 1375 [pater]
269 1298 433 1373 perorante
446 1287 524 1352 filio:
538 1296 741 1372 praeparatus
755 1287 939 1352 adulescens
952 1287 1060 1352 multis
1074 1311 1166 1352 mun·

137 1383 244 1458 ditiis,
264 1381 358 1445 alacri
379 1380 482 1457 vultu,
510 1389 643 1445 structas
668 1381 802 1466 principi
822 1380 966 1458 insidias,
993 1381 1110 1447 misses
1132 1383 1166 1446 in

139 1474 276 1541 Galliam
294 1475 465 1539 concitores
488 1474 564 1539 belli
578 1475 673 1538 index
690 1475 774 1539 idem
792 1483 824 1538 et
841 1475 929 1539 testis
947 1474 1087 1554 dicebat,
1111 1477 1165 1541 ad·

137 1569 342 1651 nectebatque
357 1567 528 1633 Caecilium
544 1567 718 1632 Cornutum
731 1569 920 1653 praetorium
937 1568 1165 1647 ministravisse

137 1663 316 1747 pecuniam3
347 1663 401 1744 qui
427 1661 531 1726 taedio
559 1683 720 1738 curarum,
752 1671 783 1725 et
808 1662 883 1745 quia
907 1662 1082 1747 periculum
1108 1685 1164 1748 pre

139 1756 233 1820 exitio
251 1754 437 1832 habebatur,
460 1765 592 1821 mortem
609 1756 694 1820 inse
716 1755 884 1821 festinavit.
913 1766 945 1828 at
962 1765 1071 1822 centua
1091 1779 1164 1823 reus

138 1848 215 1911 nihil
240 1847 372 1913 infracto
398 1849 502 1913 animo
528 1849 679 1914 obversus
706 1850 738 1912 in
763 1849 861 1913 filium
892 1860 1020 1934 quatere
1050 1848 1164 1928 vin‘cla,

139 1963 251 2005 vocare
278 1941 392 2007 ultores
419 1943 508 2020 deos,
535 1952 571 2006 ut
597 1942 657 2008 sibi
683 1943 810 2025 quidem
835 1943 1001 2008 redderent
1026 1944 1163 2022 exilium,
1214 2016 1218 2021 ,

139 2034 193 2098 ubi
210 2035 319 2119 procul
336 2036 391 2099 tali
408 2058 494 2100 more
512 2045 627 2121 ageret,
645 2036 744 2101 filium
763 2044 866 2100 autem
883 2037 1072 2123 quandoque
1090 2061 1166 2122 sup-

139 2128 232 2213 plicia
250 2138 466 2213 sequerentur3
489 2128 755 2212 adseverabatque
773 2129 969 2194 innocentem
987 2128 1165 2194 Cornutum

140 2232 171 2286 et
188 2222 269 2288 falsa
287 2224 480 2301 exterritum,
499 2223 593 2306 idque
611 2222 702 2287 facile
720 2223 891 2301 intellectu,
916 2224 943 2288 si
958 2224 1166 2310 proderentur

140 2315 205 2381 alii:
224 2318 387 2384 nonenim
406 2339 439 2382 se
458 2316 586 2381 caedem
597 2316 746 2402 principis
765 2326 797 2381 et
812 2339 863 2383 res
880 2339 979 2383 novas
996 2341 1061 2384 uno
1080 2320 1165 2384 socio

141 2411 306 2496 cogitasse.

88 2521 120 2568 29
204 2506 287 2570 Tum
313 2516 475 2572 accusator
497 2505 556 2572 Cn
579 2506 752 2570 Lentulum
778 2517 810 2571 et
832 2505 941 2573 Seium
964 2507 1164 2573 Tuberonem

139 2600 291 2676 nominat,
310 2623 425 2686 magno
442 2602 564 2685 pudore
580 2599 740 2678 Caesaris,
760 2623 832 2666 cum
849 2602 1000 2687 primores
1020 2601 1163 2680 civitatis,

138 2692 238 2754 intimi
256 2693 355 2776 ipsius
373 2694 475 2781 amici,
493 2693 649 2759 Lentulus
664 2696 832 2759 senectutis
851 2706 1017 2772 extremae,
1037 2694 1164 2759 Tubero

138 2784 261 2848 defecto
275 2807 412 2869 corpore,
427 2786 579 2850 tumultus
592 2787 714 2852 hostilis
728 2797 760 2852 et
773 2788 943 2853 turbandae
960 2788 1164 2873 reipublicae

139 2887 382 2954 accerserentur3
407 2879 462 2942 sed
484 2879 517 2942 hi
539 2880 665 2962 quidem
688 2881 793 2945 statim
816 2882 965 2966 exempti:
988 2882 1022 2945 in
1042 2891 1164 2966 patrem

139 2991 179 3033 ex
198 2970 294 3034 servis
318 2972 507 3054 quaesitum,
531 2983 563 3037 et
584 2976 726 3056 quaestio
744 2976 877 3040 adversa
898 2977 1074 3040 accusatori
1090 2976 1149 3040 fuit
1155 3002 1164 3054 3

139 3063 193 3145 qui
211 3064 326 3128 scelere
344 3088 467 3144 vecors,
492 3068 584 3132 simul
605 3069 693 3154 vulgi
714 3092 837 3134 rumore
859 3070 997 3147 territus,
1020 3069 1116 3134 robur
1134 3079 1165 3133 et
1227 3120 1231 3127 .

140 3181 251 3222 saxum
269 3169 322 3224 aut
339 3161 564 3245 parricidarum
580 3185 697 3247 poenas
716 3164 939 3241 minitantium,
964 3164 1059 3228 cessit
1076 3163 1162 3239 urbe,

139 3275 176 3317 ae
192 3263 342 3319 retractus
360 3255 513 3321 Ravenna
530 3257 659 3339 exsequi
681 3258 910 3322 accusationem
928 3257 1077 3342 adigitur,
1101 3279 1164 3321 non

139 3348 313 3413 occultante
336 3348 463 3413 Tiberio
484 3358 574 3414 vetus
601 3350 707 3414 odium
730 3351 897 3414 adversum
923 3351 1048 3414 exulem
1072 3347 1163 3415 Sere-

137 3464 223 3506 num.
245 3465 319 3506 nam
336 3452 409 3527 post
430 3444 610 3508 damnatum
627 3443 785 3509 Libonem
806 3444 912 3508 missis
934 3445 975 3508 ad
994 3442 1163 3508 Caesarem

139 3535 248 3601 litteris
275 3536 517 3621 exprobraverat
543 3560 635 3602 suum
660 3546 781 3601 tantum
808 3539 946 3602 studium
969 3538 1035 3602 sine
1058 3537 1163 3601 fructu

139 3629 251 3708 fuisse,
278 3630 501 3714 addideratque
527 3631 681 3714 quaedam
709 3632 921 3696 contumacius
943 3651 1049 3714 quam.
1062 3639 1162 3694 tutum

140 3725 224 3810 apud
249 3747 340 3791 aures
358 3725 517 3809 superbas
544 3735 575 3790 et
597 3725 761 3790 offensioni
782 3725 953 3810 proniores.
984 3747 1022 3789 ea
1044 3723 1163 3789 Caesar

139 3827 209 3882 octo
230 3828 303 3903 post
324 3842 422 3883 annos
443 3819 573 3896 rettulit,
600 3819 738 3883 medium
764 3827 887 3904 tempus
909 3819 994 3883 varie
1017 3839 1160 3903 arguens,

140 3911 262 3976 etiamsi
279 3921 432 3978 tormenta
448 3914 623 3999 pervicacia
641 3917 801 3978 servorum
819 3923 926 3978 eontra
944 3913 1131 3977 evenissent.

90 4013 129 4070 ao‘
202 4004 306 4070 Dictis
328 4007 402 4070 dein
424 4008 584 4072 sententiis
607 4016 642 4071 ut
661 4005 798 4073 Serenus
813 4030 906 4071 more
929 4007 1082 4072 maiorum
1103 4027 1161 4089 pu-

140 4096 265 4177 niretur,
284 4121 347 4184 quo
364 4101 498 4166 molliret
514 4102 673 4180 invidiam,
691 4101 874 4168 intercessit.
898 4099 1010 4166 Gallus
1026 4098 1159 4165 Asinius

103 4314 143 4513 t
