2760 4874
672 190 717 247 3,

188 419 283 466 XXIV
488 421 527 461 DE
546 419 682 464 CORNELII
699 419 796 461 'raeiri
812 419 881 461 ver
899 419 1016 462 musmo

187 549 354 614 quamquam
376 531 406 584 in
428 530 606 600 praefatione
627 528 723 584 Anna·
741 547 852 584 manum
865 535 1008 599 tamquam
1022 547 1081 585 rem
1094 530 1277 585 domesticam

187 603 254 655 hum
272 603 377 656 fatetur
395 616 452 653 non
471 599 595 653 defuisse
619 600 723 653 decora
741 598 825 652 variis
839 598 1005 652 libidinibus
1020 604 1153 653 exercent
1185 600 1278 653 donec

185 670 310 740 ingenia,
326 669 417 722 donec
427 667 590 722 adulatione
600 664 721 721 deterre·
740 666 854 722 Nerone
885 666 1035 721 interfecto
1068 684 1130 720 cum
1156 639 1277 722 ireredes

185 743 290 807 rentur,
309 753 367 789 non
380 735 410 789 id
423 743 517 789 tamen
525 735 600 789 hanc
610 735 664 787 vim
674 734 722 788 ha·
740 734 811 788 nulli
825 740 929 803 essent,
946 734 1058 788 sublata
1072 735 1147 787 omni
1162 736 1277 805 aliapo·

223 811 247 873 t,
267 813 298 859 ut
332 803 393 858 uasi
405 803 509 857 tacitus
522 803 721 872 reprehendat,
739 802 830 857 tentia
838 802 908 856 nihil
915 802 1037 857 validum
1048 803 1187 872 superfuit
1195 820 1276 873 prae-

226 874 297 928 acin
332 871 722 938 istoriisdirerat,seddecora
740 875 784 924 ter
793 870 940 924 exercitus.

185 947 294 995 tantum
319 940 435 1010 ingenia
463 941 590 1009 appellat
616 939 721 1018 quippe
773 938 874 1009 Itaque
892 937 975 992 tertia
988 955 1055 1008 pars
1068 955 1170 993 novam
1183 956 1277 993 rerum

186 1009 287 1089 quibus
315 1025 361 1063 ars
388 1013 418 1062 et
439 1007 604 1079 eloquentia
626 1007 720 1074 fucrit,
739 1005 840 1061 faciem
854 1007 943 1061 habet
957 1007 1090 1077 evulgato
1105 1006 1215 1076 imperii
1233 1025 1276 1061 ar-

185 1079 302 1132 hbertas
329 1082 358 1129 et
384 1075 488 1130 veritas
514 1092 572 1130 non
597 1075 721 1142 item310³
740 1091 811 1128 cano
830 1091 914 1143 posse
932 1075 1088 1144 principem
1105 1075 1175 1128 alibi
1193 1093 1277 1156 quam

185 1145 368 1216 quamobrem
386 1143 461 1197 hanc
481 1160 594 1215 quoque
612 1152 721 1213 partem
738 1143 846 1197 Romae
868 1141 942 1210 fieri,
970 1144 1092 1197 extincto
1111 1143 1277 1198 hereditatis

185 1231 215 1266 se
234 1213 326 1281 ipsum
343 1212 473 1282 promisit
490 1213 677 1277 adiecturum,
697 1211 720 1264 si
738 1211 798 1265 iure
817 1228 879 1264 cum
892 1210 1034 1265 videretur
1051 1211 1176 1265 libertati
1195 1213 1276 1265 locus

183 1283 280 1352 plures
304 1282 341 1334 ad
364 1297 446 1334 curas
468 1279 555 1334 vitam
576 1279 720 1349 produxis·
739 1279 841 1358 aliquis
855 1279 938 1332 datus
952 1296 1025 1359 esse,
1040 1278 1106 1349 quia
1120 1279 1187 1349 eligi
1200 1281 1276 1350 prin-

98 1403 102 1417 ,
185 1354 280 1404 setam
306 1348 372 1402 Non
390 1353 483 1401 autem
501 1347 662 1401 inconsulto
681 1348 720 1401 fe·
740 1364 816 1415 orpes
836 1347 999 1416 oportebat,
1018 1348 1143 1402 invalida
1162 1354 1276 1403 senatus

184 1417 257 1472 cisse
268 1416 427 1470 credendus
438 1421 494 1483 est,
509 1417 584 1486 quod
594 1414 720 1470 Annales
738 1414 893 1487 populique
906 1415 941 1468 R.
955 1415 1124 1470 auctoritate
1144 1416 1275 1470 diversis-

182 1482 720 1554 nonapugnuActiacasedabAugusti
740 1499 794 1553 que
817 1489 847 1537 et
867 1483 1014 1537 venalibus
1036 1484 1155 1536 militum
1175 1485 1275 1538 studiis

183 1570 302 1608 excessu
320 1568 436 1606 exorsus
455 1556 512 1619 est,
535 1551 645 1605 scilicet
661 1552 720 1605 uni·
740 1551 1276 1622 bellaoriunturnontamciviumquam

183 1638 295 1681 versam
318 1619 465 1674 servitutis
482 1619 644 1674 memoriam
662 1636 719 1673 non
740 1618 911 1673 exercituum
929 1619 1003 1673 inter
1021 1637 1065 1688 se,
1088 1620 1152 1674 dein
1172 1621 1274 1690 Galba,

182 1696 288 1743 temere
310 1693 339 1742 ct
361 1704 412 1742 suo
436 1689 581 1741 commodo
601 1689 651 1742 sed
668 1705 719 1757 pro
740 1687 864 1754 Othone,
883 1687 1000 1743 Vitellio
1019 1688 1111 1742 caesis
1123 1688 1276 1758 Vespasia·

182 1758 191 1810 i
215 1774 247 1811 sa
268 1773 361 1810 rerum
382 1761 484 1810 natura
501 1755 531 1808 in
547 1762 606 1810 tres
623 1761 719 1824 partes
738 1773 791 1809 uus
809 1755 956 1824 imperium
973 1757 1057 1809 armis
1071 1756 1192 1824 invadit,
1210 1775 1275 1826 pru-

204 1823 341 1894 cscripsit,
358 1841 427 1895 quas
442 1841 459 1877 a
472 1823 624 1877 novissima
639 1840 719 1877 orsus
739 1823 835 1878 dentia
845 1824 899 1878 sibi
908 1822 1031 1893 filiisque
1041 1824 1142 1892 firmat,
1156 1842 1275 1895 quorum

183 1893 317 1961 deinceps
335 1897 510 1961 pertractare
527 1891 663 1959 instituit3
686 1909 719 1946 ac
738 1891 997 1946 alterDomitianus
1007 1893 1136 1962 relapsus
1145 1893 1175 1946 in
1184 1893 1275 1947 Iuliae

203 1962 272 2015 rima
287 1960 399 2031 quidem
433 1967 493 2014 arte
509 1961 658 2029 complecti
672 1976 719 2013 vc·
758 1959 831 2014 entis
849 1960 1043 2029 impotentiam
1062 1978 1125 2014 cum
1139 1962 1274 2015 servitute

181 1979 261 2083 iebat
275 2029 338 2082 lene
352 1978 431 2081 illup
444 2027 586 2082 servitutis
600 2028 718 2097 initium,
737 1977 886 2082 {ulissimc
904 2029 996 2082 omnia
1010 2029 1193 2098 opprimeret,
1213 2046 1275 2083 cac·

183 2115 246 2150 cum
269 2096 430 2150 libertatem
448 2095 576 2166 plcrique
595 2098 632 2150 ob
652 2096 717 2150 civi·
737 2113 785 2150 sus
799 2101 850 2150 est.
868 2094 1097 2166 Apparetigitur
1110 2103 1140 2150 ct
1153 2098 1274 2152 trechas

182 2166 250 2218 lium
268 2165 408 2218 bellorum
427 2165 573 2218 diuturnas
591 2164 718 2218 miserias
737 2170 841 2244 partes,
849 2181 920 2246 quas
930 2166 1025 2235 quoad
1036 2165 1095 2218 eius
1104 2164 1273 2235 fieripotuit,

181 2233 260 2306 pacis
276 2249 363 2287 causa
376 2232 453 2286 haud
467 2232 547 2285 inriti
561 2233 718 2302 desponde·
737 2249 752 2286 e
771 2233 866 2287 Taciti
884 2239 976 2287 mente
995 2233 1118 2287 breviter
1135 2234 1273 2302 enarravi,

181 2308 257 2370 rent,
279 2301 426 2371 Augustus
448 2317 515 2355 vero
542 2300 718 2381 temporibus
736 2300 1042 2371 aptissimedescriptas
1052 2317 1115 2355 esse
1125 2306 1154 2355 et
1164 2302 1273 2356 efficere

182 2370 284 2424 callide
298 2387 367 2422 usus
376 2369 526 2438 prudentia
535 2386 624 2439 magis
635 2376 718 2439 quum
737 2370 904 2423 coniunctas
919 2386 1004 2422 unum
1018 2369 1124 2438 aliquid
1135 2376 1164 2424 et
1173 2376 1272 2439 totum,

181 2438 210 2490 ui
227 2437 323 2491 munia
342 2442 471 2505 senatus,
494 2438 717 2508 magistratuum,
737 2437 941 2558 :luod'l‘acitus
957 2437 1099 2491 servitutis
1112 2439 1273 2492 memoriam

182 2507 277 2586 legum
299 2506 329 2558 in
353 2522 383 2558 se
404 2506 531 2559 traheret
552 2511 581 2559 et
597 2505 718 2574 provisis
756 2505 814 2572 ixit,
831 2506 915 2560 certis
925 2505 954 2558 id
963 2511 1106 2576 tamquam
1117 2506 1215 2561 drama
1223 2507 1273 2559 ali-

181 2581 265 2628 etiam
287 2574 421 2627 heredum
444 2573 472 2626 in
495 2591 553 2627 rem
575 2573 717 2641 publicam
736 2575 814 2643 quod
836 2573 972 2643 gradibus
995 2575 1031 2627 ab
1054 2573 1135 2626 initio
1158 2575 1272 2643 placido

182 2643 284 2710 opibus
308 2658 370 2696 eam
393 2642 448 2694 sibi
469 2641 645 2711 principatus
663 2641 717 2693 vim
735 2643 883 2710 perraria
901 2642 1053 2696 certamina
1067 2643 1103 2696 ad
1117 2641 1272 2696 violentum

180 2710 319 2777 firmaret,
336 2710 366 2761 in
381 2726 438 2778 qua
452 2710 545 2764 cuncti
560 2709 610 2762 otii
625 2709 717 2761 dulce·
736 2708 839 2763 exitum
858 2710 1022 2778 deductum,
1047 2726 1063 2763 e
1081 2726 1137 2780 quo
1155 2710 1226 2763 illud
1243 2711 1273 2765 in

182 2777 247 2831 dine
261 2783 290 2830 et
305 2793 355 2830 suo
370 2777 489 2847 quisque
503 2776 634 2845 privatim
644 2793 716 2829 com·
737 2795 843 2831 summa
857 2777 1042 2848 intellegatur
1054 2775 1116 2831 fieri
1130 2779 1206 2847 apud
1216 2779 1272 2833 Ro-

181 2844 718 2915 modoallectiexutaacqualitateiussa
736 2862 834 2898 manos
849 2863 905 2899 nen
919 2845 1046 2918 potuisse
1056 2852 1089 2899 ut
1096 2845 1272 2916 principatus

181 2913 316 2982 principis
330 2918 477 2994 aspectare
492 2917 717 2966 consuescerent.
735 2913 781 2966 vel
799 2913 985 2967 hereditarius
1003 2914 1049 2968 vel
1067 2915 1205 2969 electione
1223 2922 1274 2969 aut

182 2981 314 3051 Sequitur
328 2980 430 3034 demde
444 2985 525 3048 parte
539 2981 630 3035 altera
642 2980 716 3060 prin-
736 2982 819 3035 annis
837 2982 957 3052 adeptus
977 2999 1039 3036 cum
1056 2980 1188 3036 libertate
1207 3000 1272 3039 coa·

182 3049 291 3118 cipetus
318 3048 408 3102 Iuliae
440 3049 533 3117 gentis
560 3049 717 3102 hereditate
735 3050 865 3119 lesceret,
880 3051 931 3104 sed
943 3067 989 3104 res
1003 3067 1065 3107 esse
1076 3051 1272 3106 dissociabiles

181 3118 302 3170 traditus
316 3117 387 3171 etin
400 3117 582 3186 impotentem
593 3117 716 3171 domina·
735 3117 923 3188 principatum
933 3134 967 3172 ac
976 3118 1146 3173 libertatem.

180 3185 285 3240 tionem
304 3201 470 3252 conversus,
489 3186 555 3238 dum
574 3184 716 3253 Tiberius,
770 3186 954 3256 'l'ripertitum
963 3186 1050 3278 igitur
1059 3186 1196 3256 hocopus
1207 3204 1272 3242 con-

182 3252 326 3323 Caligula,
346 3251 494 3322 Claudius,
518 3254 595 3308 Nero
612 3254 718 3307 tollunt
736 3260 902 3308 scntaneum
920 3259 964 3308 est
982 3255 1109 3308 Facitum
1127 3262 1193 3309 ante
1210 3274 1271 3326 per·

181 3338 254 3393 quac
280 3322 374 3375 adhuc
398 3322 552 3374 manebant
572 3321 717 3375 morientis
735 3322 819 3377 ficere
845 3322 968 3377 voluisse
1001 3340 1084 3393 quarn
1116 3324 1190 3377 susci
1213 3330 1273 3379 eret

180 3389 320 3443 libertatis
329 3389 458 3458 vestigia,
473 3389 585 3443 nobiles
595 3388 717 3443 familias
735 3407 838 3444 novum
848 3407 919 3459 opus
929 3390 965 3444 ab
975 3391 1025 3445 illo
1034 3391 1167 3445 materiae
1202 3392 1272 3447 iver·

181 3458 362 3524 exhauriunt,
390 3459 466 3511 cives
488 3457 518 3511 in
541 3457 596 3511 vile
614 3459 661 3510 vul
684 3475 717 3510 us
737 3458 819 3512 sitate
839 3476 872 3512 ac
889 3464 1047 3528 temporum
1064 3464 1166 3513 natura
1180 3459 1272 3514 seiun-

180 3532 302 3593 mutant,
322 3526 485 3579 universum
502 3524 648 3594 imperium
690 3543 717 3579 ο·
736 3534 824 3594 ctum3
836 3543 924 3589 ,caeso
935 3526 1186 3596 enichmitiano,
1199 3529 1273 3582 sicut

346 3649 351 3658 ,
596 3649 601 3658 ,
736 3594 837 3649 'Facito
857 3594 969 3664 quidem
990 3595 1152 3660 videbatur,
1179 3602 1272 3652 ortum

205 3650 243 3689 105
261 3647 373 3687 Probabile
388 3651 421 3687 cst
429 3648 527 3687 Tacitum
537 3658 585 3686 cum
596 3648 632 3687 illa
641 3648 671 3688 lta
680 3658 718 3696 gc·
768 3663 806 3716 pb
845 3664 864 3715 t·
899 3662 905 3674 ·
1060 3664 1070 3715 l
1201 3666 1218 3717 d
1261 3697 1271 3706 Ι

180 3701 271 3744 ueratim
284 3698 398 3746 scriberet,
414 3700 436 3737 iu
449 3703 521 3738 mente
535 3702 607 3737 tamen
617 3700 717 3738 babuisse
736 3680 766 3716 es
810 3679 844 3716 ea
858 3680 1059 3742 ¹⁸⁸¹fnum⁵eeu
1071 3681 1125 3732 um’
1143 3681 1198 3734 quo
1225 3683 1259 3744 ,rq

180 3755 251 3789 certos
264 3760 334 3789 rerum
348 3754 456 3795 auctorem
476 3761 500 3789 ac
515 3751 567 3789 mibl
581 3751 667 3798 quidem
680 3751 718 3788 Lt-
735 3731 788 3784 bus
798 3731 932 3784 Romanls
947 3748 1008 3785 eam
1021 3748 1120 3801 pacem
1134 3749 1169 3785 att
1182 3732 1271 3786 fellet-

180 3803 239 3840 vium
249 3801 380 3848 significasse
390 3801 476 3839 videtur
485 3805 506 3840 et
515 3802 537 3840 in
547 3801 648 3840 Historiis
661 3803 717 3840 inter
734 3805 820 3853 tatem
831 3798 955 3866 afferret,
970 3817 1042 3869 quae
1052 3800 1126 3852 votis
1140 3801 1270 3854 omnibus

180 3851 912 3950 frgpgpdggppzpr,f,21ppgppretegeerperea
931 3867 1026 3921 futuro
1045 3873 1172 3937 tempore
1191 3885 1271 3949 scam

180 3955 253 3993 odium
262 3953 364 3992 adversus
374 3954 511 3993 dominantes
525 3955 679 4002 invalesceret,
695 3959 716 3992 et
734 3935 1093 4004 lael1851mampraeberet3
1116 3953 1179 3989 (111111
1197 3953 1271 3990 enlin

180 4007 202 4044 in
212 4005 331 4044 Annalibus
344 4006 402 4043 lntcr
415 4014 463 4050 eos,
478 4015 530 4053 quos
540 4006 617 4043 dccora
630 4006 717 4053 ingenia
734 4009 814 4056 vetus
833 4009 912 4057 aetas
930 4003 1047 4056 vidisset
1062 4003 1129 4075 quid
1143 4004 1172 4057 in
1187 4005 1271 4059 liber.

180 4057 284 4155 fflessffi
300 4066 352 4104 quae
366 4055 456 4094 cessisse
470 4057 500 4095 ‘¹³‘
514 4067 561 4094 ⁰⁰¹³
576 4057 669 4095 ⁰d¹¹¹¹¹t¹⁰
683 4057 716 4095 ¹¹¹·
734 4076 792 4124 tate
807 4070 934 4123 ultimum
948 4071 1025 4124 essct
1038 4081 1067 4124 et
1084 4072 1269 4127 immoderato

207 4160 243 4197 roc
260 4158 409 4204 11111111.
733 4137 793 4192 cius
807 4155 860 4192 usu
874 4138 957 4193 bellis
968 4139 1097 4194 civilibus
1108 4139 1271 4196 conflictata
