2760 4874
255 409 299 475 54
606 416 929 474 consummem

1168 517 1188 546 a.
1199 519 1220 546 u.
1231 509 1276 549 769.

256 600 317 663 que
339 576 532 642 meminisset
553 596 633 658 quae
655 575 790 639 sentiet
810 574 939 652 fluctus,
962 573 1048 639 nulla
1064 573 1153 662 ducis
1175 575 1277 660 culpa,

255 671 365 758 gravia
376 678 481 735 tamen
498 676 529 732 et
547 690 641 736 saeva
658 668 773 733 damna
784 669 970 733 intulissent.
994 668 1150 733 senories
1168 691 1188 733 a
1205 670 1279 734 divo

255 765 403 851 Augusto
425 763 459 827 in
481 759 682 827 Germaniam
708 761 840 826 missum
861 762 951 847 plura
973 761 1103 826 consilio
1128 784 1225 846 quam
1246 762 1280 827 vi

254 857 438 943 perfecisse3
452 855 498 920 sic
513 853 707 941 Sugambros
719 855 752 919 in
766 854 956 920 deditionem
969 863 1124 940 acceptos,
1139 855 1184 920 sie
1199 853 1280 920 Sue-

254 949 311 1017 bos
337 969 507 1037 regemque
531 947 764 1014 Maroboduum
782 970 872 1034 pace
898 948 1096 1013 obstrictum:
1125 970 1221 1035 posse
1248 957 1280 1012 et

256 1044 434 1112 Cheruscos
448 1052 628 1126 ceterasque
640 1041 803 1108 rebellium
815 1052 935 1129 gentes,
954 1043 1103 1127 quoniam
1115 1043 1278 1108 Romanae

254 1137 365 1204 ultioni
377 1136 554 1203 consultum
572 1145 628 1213 est,
647 1136 775 1201 internis
789 1136 952 1202 discordiis
965 1136 1107 1220 relinqui.
1130 1145 1278 1221 precante

257 1230 452 1298 Germanico
470 1252 587 1295 annum
617 1228 789 1294 efficiendis
815 1229 933 1315 coeptis
964 1229 1066 1294 acrius
1092 1229 1280 1294 modestiam

189 1379 190 1384 ,
255 1325 322 1390 eius
337 1323 517 1410 adgreditur
529 1321 662 1387 alterum
674 1323 871 1388 consulatum
883 1322 1053 1400 offerendo,
1068 1321 1157 1386 cuius
1171 1322 1280 1386 munia

255 1439 403 1503 praesens
421 1414 535 1494 obiret}
558 1415 650 1481 simul
672 1415 870 1494 adnectebat,
894 1417 922 1482 si
938 1416 1020 1481 foret
1041 1415 1143 1481 adhuc
1160 1414 1280 1480 bellan-

256 1513 341 1589 dum,
358 1509 546 1594 relinqueret
558 1510 719 1574 materiem
732 1509 832 1574 Drusi
844 1510 949 1575 fratris
963 1509 1091 1596 gloriae,
1109 1509 1174 1593 qui,
1191 1510 1280 1574 nullo
1305 1543 1310 1550 ·

256 1615 328 1669 tum-
341 1604 402 1669 alio
419 1603 524 1681 hoste,
547 1625 611 1670 non
628 1603 690 1668 nisi
706 1604 791 1689 apud
809 1598 995 1669 Germanias
1017 1603 1148 1686 adsequi
1164 1624 1280 1667 nomen

256 1697 488 1783 imperatorium
502 1706 534 1762 et
546 1696 709 1782 deportare
721 1697 861 1763 lauream
872 1706 990 1782 posset·
1013 1696 1098 1761 haud
1115 1704 1279 1761 cunctatus

257 1802 305 1857 est
321 1791 404 1856 ultra
421 1788 639 1868 Germanicus,
657 1811 848 1875 quamquam
864 1791 942 1877 fingi
959 1813 997 1856 ea
1014 1812 1110 1876 seque
1126 1808 1184 1876 per
1200 1789 1281 1854 invi-

257 1885 341 1949 diam
357 1893 446 1968 parto
464 1884 527 1949 iam
544 1884 649 1949 decori
666 1883 804 1949 abstrahi
821 1885 1023 1970 intellegeret.

206 1999 241 2048 2⁷,
322 1975 392 2044 Sub
414 1978 498 2042 idem
520 1987 644 2064 tempus
666 2000 684 2043 e
701 1977 821 2043 familia
839 1975 1074 2043 Scriboniorum
1092 1977 1176 2046 Libo
1193 1975 1281 2041 Dru-

102 2097 105 2103 ’
256 2095 311 2137 sus
324 2071 463 2136 defertur
475 2071 576 2136 moliri
585 2093 635 2136 res
644 2090 756 2156 novas:
771 2072 838 2136 eius
851 2072 970 2158 negotii
982 2071 1114 2148 initium,
1127 2070 1280 2147 ordinem,

256 2165 351 2230 finem
371 2165 508 2231 curatius
532 2165 699 2244 disseram,
722 2166 796 2248 quia
818 2175 885 2230 tum
905 2167 1040 2252 primum
1060 2174 1185 2250 reperta
1205 2175 1281 2230 sunt

256 2281 337 2343 quae
353 2279 411 2346 per
427 2268 473 2323 tot
490 2280 588 2324 annos
605 2259 847 2344 rempublicam
864 2260 1005 2325 exedere.
1027 2259 1164 2324 Firmius
1178 2255 1279 2325 Catus

257 2362 393 2429 senator,
412 2372 453 2417 ex
468 2352 579 2417 intima
594 2351 728 2417 Libonis
747 2353 897 2430 amicitia,
919 2353 1064 2417 invenem
1080 2352 1280 2437 inprovidum

257 2454 288 2536 et
304 2444 429 2510 facilem
450 2445 595 2514 inanibus
614 2445 655 2510 ad
673 2444 903 2511 Chaldaeorum
925 2446 1094 2531 promissa,
1116 2467 1280 2531 magorum

257 2560 355 2616 sacra,
373 2539 565 2605 somniorum
578 2539 672 2604 etiam
684 2539 867 2624 interpretes
884 2539 1016 2624 impulit,
1036 2540 1111 2603 dum
1127 2559 1281 2624 proavum

257 2631 458 2717 Pompeium,
482 2633 609 2696 amitam
629 2630 840 2710 Scriboniam,
862 2654 943 2716 quae
964 2632 1122 2715 quondam
1138 2630 1280 2718 Augusti

257 2725 394 2789 coniunx
410 2725 522 2802 fuerat,
541 2725 744 2792 consobrinos
764 2725 928 2804 Caesares,
945 2727 1071 2812 plenam
1088 2725 1278 2812 imogInibus

257 2819 384 2883 domum
397 2826 533 2884 ostentat
544 2818 746 2902 hortaturque
764 2820 804 2884 ad
817 2820 926 2885 luxum
944 2829 976 2884 et
992 2842 1046 2885 aes
1064 2813 1209 2896 alienum,
1230 2833 1284 2889 soss

257 2911 323 2976 cius
345 2910 510 2976 libidinum
527 2921 559 2976 et
578 2915 814 2990 necessitatum,
837 2934 900 2996 quo
921 2910 1062 3000 pluribus
1084 2912 1208 2977 indiciis
1230 2911 1279 2975 in-

206 3023 239 3073 28
255 3004 376 3089 ligaret.
398 3013 434 3068 ut
451 3005 527 3070 satis
544 3006 670 3070 testium
688 3015 719 3070 et
735 3007 790 3090 qui
803 3007 886 3071 servi
898 3007 1008 3071 eadem
1025 3014 1190 3070 noscerent
1206 3019 1296 3089 rep·'

255 3097 349 3183 perit,
364 3098 487 3163 aditum
504 3099 545 3169 ad
561 3100 733 3185 principem
750 3100 900 3185 postulat,
919 3100 1131 3165 demonstrato
1150 3098 1279 3164 crimine

256 3199 288 3255 et
303 3212 358 3255 reo
374 3213 431 3276 per
446 3191 597 3258 Flaccum
613 3193 846 3273 Vescularium,
862 3194 1002 3277 equitem
1018 3193 1210 3269 Romanum,
1229 3191 1279 3256 cui

189 3284 383 3393 *propior
407 3307 490 3350 cum⁴
505 3284 632 3352 Tiberio
656 3310 734 3352 usus
760 3296 835 3352 erat.
871 3285 991 3354 Caesar
1020 3286 1169 3352 indicium
1193 3284 1280 3366 haud

257 3388 439 3462 aspernatus
463 3401 651 3465 congressus
670 3380 792 3445 abnuit:
814 3401 910 3465 posse
932 3381 1015 3445 enim
1036 3380 1147 3445 eodem
1163 3379 1279 3444 Flacco

256 3471 444 3538 internuntio
467 3495 626 3539 sermones
649 3483 832 3539 commeare.
861 3483 955 3558 atque
976 3475 1100 3539 interim
1121 3471 1280 3538 Libonem

257 3573 346 3629 ornat
366 3575 524 3651 praetura,
547 3566 740 3633 convictibus
759 3566 900 3646 adhibet,
922 3591 985 3633 non
1005 3568 1095 3632 vultu
1117 3567 1279 3642 alienatus,

256 3683 320 3725 non
341 3661 445 3726 verbis
468 3663 665 3728 commotior:
689 3663 767 3728 adeo
789 3663 868 3727 iram
890 3663 1084 3741 condiderat3
1107 3670 1280 3743 cunctaque

257 3754 324 3820 eius
343 3755 426 3819 dicta
442 3755 601 3840 factaque,
621 3780 693 3822 cum
710 3757 875 3842 prohibere
891 3766 1013 3843 posset,
1032 3757 1112 3822 scire
1129 3754 1279 3820 malebat:

258 3847 356 3914 donec
373 3848 483 3914 Iunius
501 3851 642 3933 quidam,
665 3860 834 3936 temptatus
852 3860 887 3915 ut
907 3851 1045 3916 infernas
1067 3848 1196 3914 umbras
1214 3870 1282 3913 car-

257 3941 393 4006 minibus
415 3943 552 4022 eliceret,
575 3946 616 4009 ad
632 3944 809 4010 Fulcinium
828 3944 976 4010 Trionem
992 3943 1142 4009 indicium
1159 3941 1279 4006 detulit

258 4033 379 4099 celebre
392 4035 472 4101 inter
483 4047 679 4111 accusatores
694 4038 819 4104 Trionis
834 4039 994 4125 ingenium
1007 4045 1079 4103 erat
1090 4036 1280 4118 avidumque

258 4128 361 4193 famae
378 4129 491 4201 malae:
515 4133 619 4196 statim
637 4132 762 4217 corripit
778 4154 881 4210 reum,
904 4133 969 4197 adit
990 4129 1149 4208 eonsules,
1172 4127 1280 4214 cogni·
1340 4186 1343 4191 .
