2760 4874
395 403 602 463 ANNALIUM
620 404 693 460 LIB.
707 405 788 460 XIII.
808 407 936 462 17-20.·
1109 393 1172 460 235

146 511 167 548 p.
179 497 219 538 cn.
231 499 263 536 aa.

146 567 271 641 domos,
295 562 384 627 villas
403 563 436 627 id
453 564 600 647 temporis
624 563 715 645 quasi
732 563 880 648 praedam
903 564 1096 642 divisissent3
1119 563 1172 628 alii
1252 585 1255 589 ’

146 659 363 724 necessitatem
387 656 558 721 adhibitam
581 656 749 721 eredebant
766 680 785 720 a
802 657 941 742 principe
964 657 1089 722 sceleris
1112 655 1172 721 sibi

146 754 271 819 conscio
290 761 320 816 et
337 751 462 815 veniam
480 760 638 835 sperante,
662 751 689 814 si
706 749 922 836 largitionibus
945 751 1172 817 validissimum

146 868 302 931 quemque
316 843 543 910 obstrinxisset.
566 854 598 908 at
615 845 722 908 matris
740 845 786 908 ira
803 844 889 908 nulla
901 844 1113 909 munificentia
1129 843 1173 906 le·

146 942 219 1018 niri,
248 941 304 1005 sed
326 938 471 1023 amplecti
491 936 671 1014 Octaviam,
699 937 807 1002 crebra
829 959 900 1002 cum
922 938 1030 1003 amicis
1054 946 1173 1002 secreta

146 1034 271 1112 habere,
292 1055 385 1117 super
401 1032 572 1118 ingenitam
586 1032 748 1096 avaritiam
761 1032 898 1115 undique
915 1033 1064 1117 pecunias
1082 1031 1173 1115 quasi

146 1129 180 1192 in
203 1126 377 1192 subsidium
401 1126 584 1210 corripiens:
611 1125 752 1190 tribunos
775 1135 806 1189 et
828 1126 1023 1191 centuriones
1045 1125 1174 1189 comiter

147 1221 305 1306 excipere3
328 1219 456 1284 nomina
473 1228 504 1282 et
522 1219 651 1283 virtutes
669 1218 834 1295 nobilium,
853 1219 907 1302 qui
925 1220 1018 1283 etiam
1036 1228 1103 1282 tum
1121 1240 1173 1282 su-

146 1322 299 1402 pererant,
318 1313 351 1376 in
368 1312 486 1376 honore
498 1311 624 1389 habere,
642 1311 733 1394 quasi
750 1322 911 1395 quaereret
925 1313 1037 1377 ducem
1055 1322 1086 1376 et
1101 1334 1173 1396 par-

147 1419 210 1484 tes3
233 1406 393 1491 cognitum
415 1405 448 1469 id
464 1404 595 1480 Neroni,
619 1404 830 1488 excubiasque
852 1405 1015 1482 militares,
1032 1427 1119 1489 quae
1137 1414 1172 1468 ut

107 1564 113 1575 ,
147 1501 274 1586 coniugi
290 1498 484 1584 imperatoris
504 1498 639 1575 solitum,
659 1507 687 1563 et
703 1499 795 1562 matri
814 1498 1025 1576 servabantur,
1044 1507 1076 1562 et
1093 1495 1178 1567 Gen

147 1617 256 1660 manos
275 1616 375 1678 nuper
387 1593 521 1657 eundern
538 1592 734 1657 inhonorem
748 1594 893 1658 custodes
908 1594 1029 1659 additos
1048 1592 1181 1678 degredi·

147 1687 247 1767 iubet;
266 1710 302 1752 ac
320 1709 359 1751 ne
378 1696 469 1752 coetu
482 1686 683 1751 salutantium
700 1686 957 1770 frequentaretur,
978 1696 1101 1772 separat
1118 1686 1174 1750 do·

146 1805 234 1846 mum
255 1790 448 1864 matremque
471 1780 618 1844 transfert
634 1781 668 1844 in
690 1803 759 1846 eam
781 1803 861 1865 quae
879 1781 1038 1846 Antoniae
1060 1780 1171 1856 fuerat,

147 1875 290 1960 quotiens
313 1875 380 1959 ipse
403 1874 478 1938 illuc
495 1874 673 1951 ventitaret,
698 1884 825 1960 saeptus
843 1874 935 1939 turba
957 1873 1173 1939 centurionum

148 1979 179 2034 et
196 1978 268 2054 post
285 1967 379 2032 breve
398 1968 540 2031 osculum
558 1968 745 2053 digrediens.

210 2061 296 2125 Nihil
304 2083 407 2125 rerum
422 2061 599 2125 mortalium
609 2071 672 2125 tam
686 2061 830 2126 instabile
845 2083 882 2125 ac
891 2061 1011 2124 fluxum
1021 2069 1068 2125 est
1077 2082 1172 2143 quam
1192 2084 1222 2132 19

147 2155 233 2221 fama
245 2157 401 2240 potentiae
419 2178 482 2220 non
500 2179 558 2220 sua
574 2157 607 2221 vi
624 2156 726 2221 nixae:
746 2157 851 2221 statim
867 2156 1009 2220 relictum
1023 2154 1173 2242 Agrippi-

146 2272 206 2314 nae
223 2250 331 2327 limen3
354 2273 446 2314 nemo
465 2250 571 2328 solari,
594 2273 687 2314 nemo
706 2250 790 2314 adire
808 2259 930 2334 praeter
947 2271 1064 2334 paucas
1082 2250 1173 2315 femi-

146 2365 219 2420 nas,
238 2365 343 2409 amore
361 2367 401 2407 an
419 2345 490 2408 odio
507 2345 651 2421 incertas,
671 2345 842 2427 exquibus
861 2354 927 2409 erat
943 2345 1036 2409 Iunia
1054 2343 1171 2424 Silana,

146 2460 242 2520 quam
268 2438 464 2502 matrimonio
488 2437 525 2503 O.
551 2436 622 2503 Silii
647 2463 667 2504 a
689 2439 863 2503 Messalina
888 2439 1052 2522 depulsam
1078 2462 1174 2523 supra

135 2531 264 2608 rettuli,
282 2531 414 2617 insignis
432 2554 560 2617 genere,
578 2533 693 2610 forma,
712 2533 841 2596 lascivia
859 2542 890 2596 et
906 2531 1101 2617 Agrippinae
1119 2533 1173 2596 diu

146 2646 288 2711 percara,
311 2648 385 2690 mox
408 2627 537 2691 occultis
560 2627 716 2692 intereas
738 2625 977 2704 offensionibus,
1000 2627 1074 2709 quia
1093 2624 1174 2692 Sex-

147 2720 226 2783 tium
242 2718 443 2798 Africanum,
466 2720 603 2786 nobilem
620 2722 779 2800 iuvenem,
803 2745 822 2786 a
839 2721 955 2806 nuptiis
976 2719 1101 2786 Silanae
1120 2721 1173 2784 de-

147 2822 298 2878 terruerat
314 2812 506 2899 Agrippina,
528 2812 719 2900 inpudicam
730 2825 762 2880 et
778 2825 959 2902 vergentem
977 2816 1066 2880 annis
1084 2816 1174 2880 dicti-

147 2916 232 2984 tans,
254 2929 318 2971 non
335 2918 370 2971 ut
386 2908 573 2973 Africanum
597 2910 657 2976 sibi
679 2920 857 2995 seponeret,
880 2910 992 2975 sedne
1011 2909 1123 2995 opibus
1142 2919 1173 2975 et

147 3000 278 3065 orbitate
295 2999 420 3066 Silanae
433 3004 563 3068 maritus
577 3013 748 3089 poteretur:
767 3005 829 3082 illa,
850 3027 906 3089 spe
919 3003 1044 3068 ultionis
1057 3002 1171 3080 oblata,

145 3103 236 3180 parat
254 3104 450 3161 accusatores
465 3120 504 3160 ex
518 3097 682 3162 clientibus
697 3099 772 3175 suis,
791 3099 924 3163 Iturium
943 3106 973 3161 et
988 3095 1172 3174 Calvisium,

146 3210 211 3252 non
227 3199 333 3253 vetera
355 3198 386 3253 et
409 3191 533 3275 saepius
555 3192 619 3255 iam
641 3192 747 3256 audita
769 3191 924 3268 deferens,
948 3190 1032 3272 quod
1048 3189 1174 3254 Britan-

146 3282 210 3346 nici
227 3292 359 3347 mortem
379 3283 502 3370 lugeret
520 3295 574 3350 aut
592 3283 745 3351 Octaviae
767 3285 895 3349 iniurias
918 3283 1092 3368 evulgaret,
1117 3282 1173 3346 sed

147 3375 354 3440 destinavisse
377 3399 447 3441 eam
463 3378 645 3447 Rubellium
661 3378 823 3455 Plautum,
846 3399 903 3462 per
923 3386 1095 3441 maternam
1112 3376 1174 3440 ori-

146 3469 253 3554 ginem
274 3470 343 3553 pari
360 3492 397 3534 ac
413 3471 498 3537 Nero
515 3472 615 3558 gradu
634 3495 653 3536 a
670 3472 743 3536 divo
761 3470 924 3557 Auguste,
948 3470 1056 3534 adres
1073 3491 1171 3534 novas
1230 3554 1233 3558 Δ

147 3561 294 3626 extollere
317 3565 525 3650 coniugioque
548 3565 615 3630 eius
639 3575 670 3630 et
690 3559 905 3650 iamimperio
927 3587 993 3628 rem
1014 3561 1172 3650 publicam
1199 3632 1201 3637 ,

146 3676 255 3718 rursus
277 3655 439 3723 invadere:
461 3658 540 3723 haec
562 3659 678 3724 Iturius
702 3668 733 3723 et
752 3657 909 3724 Calvisius
926 3656 1081 3733 Atimeto,
1104 3654 1173 3739 Do-

146 3747 265 3825 mitiae,
284 3749 418 3816 Neronis
436 3753 563 3830 amitae,
582 3753 707 3831 liberto,
727 3753 878 3837 aperiunt,
897 3752 950 3835 qui
967 3751 1068 3815 laetus
1086 3749 1172 3815 obla-

146 3841 186 3905 tis
196 3879 237 3889 -
247 3844 363 3929 quippe
381 3846 461 3910 inter
473 3845 683 3932 Agrippinam
696 3855 728 3910 et
740 3846 913 3910 Domitiam
926 3845 1050 3909 infensa
1066 3866 1172 3909 aemu-

146 3937 221 4003 latio
234 3941 437 4007 exercebatur
449 3982 490 3990 --
498 3943 646 4007 Paridem
658 3943 851 4020 histrionem,
865 3942 1011 4006 libertum
1024 3948 1056 4005 et
1067 3939 1171 4024 ipsum

145 4032 317 4114 Domitiae,
336 4038 459 4122 impulit
476 4038 520 4102 ire
537 4059 668 4123 propere
684 4037 861 4121 crimenque
880 4035 1022 4100 atrociter
1040 4034 1169 4098 deferre.

209 4127 366 4196 Provecta-
383 4154 447 4197 nox
464 4141 529 4197 erat
552 4142 583 4197 et
599 4133 716 4198 Neroni
737 4155 793 4218 per
810 4129 1171 4198 vinolentiam-traheba·
1188 4147 1220 4195 20
