2760 4874
429 393 635 451 ANNALIUM
648 395 723 450 LIB
732 395 783 450 XI.
802 397 887 452 2-6.
1108 385 1169 450 183

143 497 166 535 p
177 485 218 526 cn.
229 486 262 525 ιι

141 577 214 618 rum
235 574 405 638 vapore
374 551 457 615 ionis
479 552 682 616 minueretur:
710 560 830 619 tantum
852 553 897 617 illi
919 551 1092 620 securitatis
1114 578 1170 620 no·

143 647 292 735 vissimae
311 646 380 710 fuit.
710 665 712 670 ’
810 672 813 677 ·

143 755 159 773 ·
207 739 376 805 Vocantur
391 749 463 823 post
484 740 562 804 haec
587 749 692 825 patres
712 740 1032 826 pergitque.Suillius
1054 743 1202 812 adderes

141 857 213 899 reos
237 834 356 917 equites
374 833 536 899 Romanos
558 835 709 913 illustres,
732 835 847 918 quibus
864 835 960 900 Petra
982 841 1170 922 cognomen-

140 939 224 1017 tum3
244 926 305 1014 [at]
324 947 421 1008 causa
434 928 521 992 necis
539 951 579 992 ex
597 951 634 994 eo
651 930 737 1012 quod
754 925 882 994 domum
896 953 985 994 suam
998 929 1169 995 Mnesteris

142 1021 358 1107 et‘Poppaeae
377 1021 597 1106 congressibus
616 1022 847 1107 praebuissent:
875 1046 983 1087 verum
1000 1033 1173 1088 nocturnae

142 1115 255 1198 quietis
275 1116 395 1200 species
414 1115 502 1179 alteri
520 1115 656 1193 obiecta,
675 1124 834 1200 tamquam
852 1118 983 1182 vidisset
1001 1117 1169 1183 Claudium

143 1208 250 1292 spicea
267 1231 381 1273 corona
395 1209 561 1285 evinctum,
581 1209 675 1292 spicis
693 1220 774 1274 retro
789 1211 957 1288 conversis,
977 1233 1075 1294 eaque
1092 1211 1171 1275 ima
1234 1212 1237 1213 ⁷

142 1302 220 1388 ἕίιιό
235 1303 420 1388 gravitatem
437 1324 579 1366 annonae
597 1302 743 1380 dixisset3
762 1304 891 1387 quidam
901 1305 1101 1391 pampineam
1119 1326 1171 1371 co·

141 1419 253 1466 ronam
270 1396 446 1461 albentibus
464 1397 547 1462 foliis
566 1397 667 1461 visam
685 1407 778 1481 atque
795 1399 840 1462 ita
856 1399 1091 1483 interpretatum
1108 1407 1171 1462 tra-

142 1490 260 1567 didere,
279 1499 428 1575 vergente
441 1499 609 1554 auctumno
623 1501 753 1556 mortem
771 1492 920 1576 principis
938 1493 1074 1557 ostendi:
1092 1490 1171 1555 illud

141 1584 228 1647 haud
246 1583 427 1670 ambigitur,
446 1583 691 1667 qualicumque
682 1586 836 1650 insomnio
854 1587 915 1671 ipsr
905 1585 1082 1669 fratrique
1099 1607 1171 1670 per·

141 1677 256 1742 niciem
270 1678 343 1741 allat
331 1688 405 1741 t.am
429 1678 606 1742 sestertium
619 1679 799 1760 quindecies
814 1690 845 1744 et
858 1680 994 1765 insignia
1007 1688 1193 1764 praeturae

143 1770 292 1856 Crispino
310 1773 443 1834 decreta.
467 1772 579 1835 adiecit
597 1771 742 1837 Vitellius
761 1774 953 1838 sestertium
951 1773 1061 1837 decies
1082 1770 1171 1836 Sosi·

142 1865 213 1942 bio,
234 1867 317 1948 quod
334 1866 550 1929 Britannicum
567 1877 714 1952 praecept
715 1867 756 1944 ia,
782 1867 950 1932 Claudium
968 1851 1132 1932 consiliis
1123 1888 1171 1930 ιιι-

141 1969 242 2023 voret
270 1970 399 2045 rogatus
423 1961 609 2025 sententiam
631 1970 662 2024 et
686 1960 793 2046 Scipio
817 1984 907 2041 „curn
933 1962 1043 2026 idem“
1070 1960 1170 2043 inquit

144 2055 204 2132 „de
228 2054 373 2118 admissis
391 2053 558 2139 Poppaeae
582 2055 713 2119 sentiam
735 2055 821 2138 quod
845 2055 968 2132 omnes,
994 2063 1102 2139 putate
1119 2074 1170 2116 me
1263 2093 1264 2097 =

141 2149 228 2212 idem
253 2148 356 2211 dicere
379 2149 464 2230 quod
486 2154 631 2225 omnes,“
659 2149 794 2234 eleganti
820 2158 1063 2234 temperamento
1089 2147 1171 2210 inter

136 2241 339 2327 coniugalem
358 2263 496 2306 amorem
513 2252 545 2306 et
562 2243 750 2323 senatoriam
766 2244 994 2308 necessitatem.

208 2333 384 2403 Continuus
414 2335 487 2399 inde
518 2345 550 2399 et
576 2359 689 2401 saevus
721 2332 997 2419 accusandis'reis
1026 2332 1203 2406 Suillius,5

140 2430 293 2512 multique
311 2429 465 2493 audaciae
479 2430 546 2494 eius
565 2432 679 2494 aemuli
685 2456 694 2509 3
713 2446 786 2496 nam
800 2442 912 2496 cuncta
929 2431 1036 2516 legum
1054 2435 1086 2493 et
1103 2450 1170 2492 ma-

140 2524 329 2609 gistratuum
351 2523 458 2588 munia
478 2524 511 2587 in
529 2547 563 2588 se
582 2525 712 2590 trahens
730 2525 875 2614 princeps
897 2524 1058 2589 materiam
1079 2543 1169 2607 prae·

141 2619 237 2681 dandi
245 2617 449 2701 patefecerat3
463 2638 521 2682 neo
531 2619 698 2702 quicquam
707 2620 850 2704 publicae
864 2620 976 2684 mercis
986 2629 1051 2682 tam
1059 2616 1169 2681 venale

140 2711 201 2775 fuit
219 2732 314 2793 quam
332 2712 554 2776 advocatorum
571 2713 711 2796 perfidia,
730 2714 809 2778 adeo
826 2723 862 2777 ut
881 2711 1017 2790 Samius,
1036 2710 1169 2796 insignis

141 2826 238 2887 eques
258 2804 438 2882 Romanus,
462 2807 697 2893 quadringentis
719 2801 919 2881 nummorum
940 2806 1066 2871 milibus
1086 2804 1170 2870 Suil-

140 2898 183 2963 lio
201 2899 282 2963 datis
300 2909 332 2962 et
350 2901 475 2985 cognita
491 2902 757 2984 praevaricatione
775 2902 857 2966 ferro
875 2903 909 2966 in
925 2903 1019 2966 domo
1037 2901 1104 2966 eius
1121 2901 1170 2964 in-

141 2993 292 3057 cubuerit.
309 2991 312 2996 *
328 2994 425 3079 igitur
450 2994 618 3079 incipiente
645 2995 683 3060 C.
713 2994 806 3074 Silio,
840 2998 967 3061 consule
984 2995 1167 3082 designato,

141 3087 230 3151 cuius
249 3087 288 3151 de
306 3088 445 3171 potentia
463 3098 494 3152 et
512 3088 606 3154 exitio
624 3090 657 3153 in
675 3100 814 3175 ternpore
832 3084 1021 3167 memorabo,
1040 3111 1178 3154 consuo.

140 3189 230 3266 gunt
241 3190 346 3265 patres
364 3181 529 3266 legemque
549 3181 693 3251 Cinciam
710 3184 865 3268 flagitant,
889 3206 952 3266 qua
968 3180 1097 3247 cavetur
1113 3205 1189 3246 anm

140 3273 285 3356 tiquitua,
308 3297 348 3338 ne
366 3277 436 3359 quis
455 3276 496 3340 ob
516 3286 644 3341 causam
661 3278 810 3342 orandam
827 3277 994 3361 pecuniam
1011 3278 1167 3341 donumve

140 3368 281 3452 accipiat.
309 3368 422 3435 deinde
442 3371 697 3456 obstrepentibus
719 3373 769 3437 his
787 3372 902 3462 quibus
926 3394 964 3436 ea
981 3373 1168 3437 contumelia
1186 3396 1200 3442 s

138 3462 321 3553 parabatur,
341 3465 460 3530 discors
480 3464 592 3531 Suillio
604 3464 708 3532 ‚Silius
727 3467 838 3531 acriter
852 3465 1008 3546 incubuit,
1027 3477 1167 3531 veterum

139 3566 297 3622 oratorum
315 3560 458 3645 exempla
479 3560 636 3639 reserens,
656 3563 710 3646 qui
727 3562 845 3649 famam
868 3571 899 3625 et
917 3571 1060 3645 posteros
1077 3583 1167 3645 prae-

138 3651 202 3714 mia
220 3651 414 3736 eloquentiae
429 3657 656 3740 cooitavissent
666 3657 888 3741 pulcherrima:
907 3655 1044 3738 alioquin
1062 3665 1093 3719 et
1110 3655 1166 3719 bo·

137 3755 249 3809 narum
273 3749 388 3827 artium
415 3749 587 3835 principem
610 3751 763 3815 sordidis
766 3751 944 3814 ministeriis
966 3750 1100 3827 foedari3
1126 3773 1166 3813 ne
1218 3830 1224 3836 ³

138 3839 232 3903 iidem
250 3842 399 3924 quidem
390 3855 544 3953 mtegram
556 3868 691 3922 manere,
710 3845 770 3910 ubi
777 3845 961 3937 magnitudo
978 3855 1164 3933 quaestuum

138 3943 258 4017 spectet
260 3958 310 4013 ur3
333 3938 466 4019 quod
437 3961 468 4004 ιι
485 3939 518 4002 in
540 3939 655 4004 nullius
677 3933 853 4004 mercedem
875 3937 1001 4023 negotia
1011 3948 1164 4026 equatur,

136 4028 285 4135 pauciora
307 4031 388 4096 fore:
410 4055 494 4097 nunc
515 4033 707 4110 inimicitias,
729 4033 958 4108 accusationes,
982 4022 1054 4096 odia
1071 4042 1102 4096 et
1118 4032 1166 4096 in·

137 4121 232 4187 iurias
255 4123 369 4204 foveri,
392 4137 427 4191 ut
449 4128 606 4212 quomodo
627 4128 675 4194 vis
693 4127 872 4193 morborum
893 4126 994 4213 pretia
1014 4126 1166 4196 medenti·
