2760 4874
244 393 306 457 164
590 395 775 453 CORNELII
789 393 923 449 TAClTI

1161 492 1182 522 ι
1192 492 1216 521 ιι.
1226 483 1272 522 ιιι.

243 561 345 626 medio
363 557 517 642 quaesita,
536 554 673 619 venditio
691 563 721 617 et
739 552 869 637 emptio,
887 551 921 614 in
938 549 1128 615 contrarium
1147 551 1271 626 mutari,

242 655 316 737 quia
333 654 543 716 faeneratores
561 669 686 712 omnem
704 646 869 731 pecuniam
888 644 1064 709 mercandis
1086 643 1174 730 agris
1197 664 1274 708 con·

243 748 394 812 diderant.
430 743 553 828 copiam
579 739 734 804 vendendi
759 747 868 803 secuta
893 737 1026 814 vilitate,
1052 745 1173 820 quanto
1200 737 1273 821 quis

244 840 431 915 obaeratior,
458 836 582 922 aegrius
605 832 832 910 distrahebant3
859 831 1011 914 multique
1036 829 1172 895 fortunis
1199 852 1274 916 pro-

243 932 460 1006 volvebantur,
488 927 609 994 everaio
633 929 679 991 rei
700 925 863 991 familiaris
885 924 1069 1010 dignitatem
1091 945 1130 988 ac
1151 923 1274 988 samam

243 1048 393 1112 praeceps
419 1022 528 1100 dabat,
556 1023 657 1086 donec
682 1019 753 1083 tulit
775 1041 868 1104 opem
891 1017 1012 1084 Caesar
1037 1017 1193 1103 disposito
1217 1038 1274 1102 per

204 1198 209 1206 .
243 1143 368 1185 mensas
386 1118 487 1183 milies
506 1115 648 1181 sestertio
666 1113 812 1196 factaque
829 1113 992 1180 mutuandi
1010 1112 1101 1197 copia
1113 1111 1183 1177 sine
1196 1133 1273 1175 usu

192 1672 225 1718 24

186 1737 231 1786 (1⁸)

191 3081 233 3193 295)

243 1215 285 1279 ris
302 1235 359 1301 per
376 1211 543 1276 triennium
560 1232 588 1274 ar
578 1208 727 1274 debitor
742 1207 886 1292 populo
878 1229 910 1270 ιιι
923 1205 1053 1291 duplum
1066 1203 1207 1290 praediis
1221 1226 1274 1269 ca·

243 1308 350 1372 visset.
374 1306 419 1370 sic
435 1304 554 1369 refecta
571 1302 659 1380 fides,
678 1310 710 1366 et
726 1301 878 1387 paulatim
894 1300 1008 1386 privati
1026 1320 1153 1383 quoque
1171 1298 1274 1363 credi·

244 1412 326 1465 tores
344 1398 472 1483 reperti3
499 1418 601 1480 neque
624 1395 743 1480 emptio
758 1417 906 1481 agrorum
923 1393 1060 1459 exercita
1076 1392 1117 1457 ad
1134 1391 1274 1457 formam

245 1504 371 1558 senatus
398 1490 546 1568 consulti,
575 1488 713 1566 acribus,
740 1497 775 1552 ut
801 1487 899 1553 ferme
926 1487 1014 1566 talia,
1040 1486 1151 1563 initiis,
1183 1486 1274 1552 incu-

244 1588 326 1653 rioso
344 1586 415 1651 fine.

307 1679 393 1744 Dein
410 1679 540 1743 redeunt
557 1678 676 1787 priores
693 1687 797 1743 metus
818 1678 976 1763 postulato
993 1676 1167 1742 maiestatis
1186 1674 1274 1740 Con-

245 1774 325 1838 sidio
347 1772 496 1849 Proeu103
523 1772 578 1855 qui
599 1772 685 1836 nullo
706 1793 823 1857 pavore
845 1771 929 1836 diem
950 1769 1087 1836 natalem
1104 1768 1273 1834 celebrans

243 1877 351 1951 raptus
369 1866 403 1928 in
424 1865 542 1929 curiam
564 1865 742 1950 pariterque
764 1866 930 1930 damnatus
952 1863 1229 1947 interfectusque..
1242 1877 1274 1927 et
1335 1918 1338 1924 .

244 1959 341 2024 sorori
359 1959 426 2023 eius
442 1956 575 2024 Sanciae
593 1981 676 2042 aqua
689 1969 782 2042 atque
795 1959 862 2044 igni
875 1958 1083 2035 interdictum,
1101 1966 1273 2022 accusante

245 2053 285 2137 Q.
304 2054 495 2139 Pomponio:
517 2055 545 2119 ls
567 2053 706 2119 moribus
728 2055 850 2137 inquies
869 2054 948 2118 haec
965 2062 996 2118 et
1017 2051 1237 2117 huiuscemodi
1255 2075 1275 2116 a

245 2171 279 2214 se
296 2148 431 2213 factitari
448 2147 684 2233 praetendebat,
706 2161 742 2211 ut
763 2157 853 2232 parta
874 2147 959 2232 apud
979 2146 1152 2233 principem
1170 2147 1275 2232 gratia

244 2242 389 2327 periculis
412 2242 580 2326 Pomponii
603 2239 743 2307 Secundi
768 2241 873 2306 fratria
899 2240 1084 2305 mederetur.
1116 2239 1214 2304 etiam
1239 2241 1274 2304 in

244 2336 429 2422 Pompeiam
455 2336 633 2400 Macrinam
658 2336 787 2400 exilium
813 2335 972 2413 statuitur,
1008 2335 1098 2400 cuius
1123 2334 1274 2399 maritum

244 2430 443 2516 Argolicum,
462 2451 604 2494 socerum
621 2431 798 2506 Laconem,
817 2451 834 2493 e
851 2428 1040 2513 primoribus
1058 2426 1272 2505 Achaeorum,

246 2522 365 2588 Caesar
382 2523 558 2600 adflixerat;
576 2533 664 2608 pater
681 2545 815 2607 quoque,
834 2522 973 2587 inlustris
987 2543 1083 2606 eques
1096 2520 1272 2599 Romanus,

246 2639 283 2681 ac
299 2616 395 2680 srater
412 2618 599 2702 praetorius,
619 2639 691 2682 cum
708 2617 866 2681 damnatio
884 2617 1027 2694 instaret,
1045 2638 1081 2681 se
1098 2615 1161 2700 ipsi
1177 2617 1275 2681 inter-

245 2711 362 2774 fecere:
381 2711 488 2774 datum
502 2721 567 2775 erat
581 2712 703 2775 crimini
715 2711 800 2794 quod
809 2710 1024 2795 Theophanen
1032 2707 1272 2794 Mitylenaeum,

245 2826 397 2888 proavum
428 2825 549 2880 eorum,
587 2805 646 2870 Cn.
668 2805 808 2891 Magnus
840 2806 920 2869 inter
944 2805 1070 2869 intimos
1096 2802 1272 2880 habuisset,

245 2896 392 2978 quodque
419 2896 567 2961 defuncto
592 2898 778 2983 Theophani
809 2898 959 2963 caelestes
985 2897 1120 2962 honores
1148 2895 1275 2963 Graeca

247 2988 382 3053 adulatio
401 2989 559 3053 tribuerat.

310 3080 389 3147 Post
377 3091 486 3176 tquos
506 3081 580 3148 Sex.
599 3084 736 3164 Marius,
763 3086 990 3172 Hispaniarum
1007 3086 1197 3163 ditissimus,
1219 3086 1275 3150 de·

191 3142 346 3241 “mserum
370 3177 543 3242 incestasse
564 3178 715 3244 tiliamet
683 3190 818 3245 etsaxo
840 3181 977 3265 Tarpeio
1001 3180 1146 3258 deicitur3
1174 3202 1213 3244 ac
1233 3201 1274 3243 ne

247 3270 377 3335 dubium
399 3270 566 3336 haberetur
586 3274 834 3358 magnitudinem
855 3275 1006 3360 pecuniae
1028 3273 1111 3338 malo
1129 3273 1274 3351 vertisse,

213 3418 217 3423 .
248 3365 385 3429 aurariae
404 3365 486 3442 eius,
505 3387 696 3450 quamquam
713 3366 959 3452 publicarentur,
982 3368 1107 3433 sibimet
1125 3367 1275 3432 Tiberius

154 3504 159 3515 .
249 3459 397 3543 seposuit.
424 3459 630 3544 inritatusque
649 3460 809 3545 suppliciis
828 3470 971 3539 cunctos,
990 3462 1045 3545 qui
1061 3482 1186 3526 carcere
1204 3461 1276 3526 atti·

248 3550 364 3615 nebant
352 3561 402 3615 tur
428 3553 566 3617 accusati
592 3554 749 3618 societatis
775 3575 847 3622 cum
874 3510 1004 3632 Seiado,
1040 3555 1146 3619 necari
1170 3554 1274 3619 iubet:

248 3645 344 3710 iacuit
360 3645 503 3711 inmensa
521 3657 655 3732 strages,
684 3646 786 3711 omnis
808 3670 917 3726 sexus,
944 3649 1046 3714 omnis
1063 3658 1166 3725 aetas,
1193 3648 1277 3712 inlu·

249 3725 343 3818 sires,
370 3740 540 3849 ignobiles,
566 3743 698 3828 dispersi
717 3753 771 3807 aut
788 3744 943 3828 aggerati3
969 3765 1071 3827 neque
1088 3743 1276 3828 propinquis

249 3843 303 3896 aut
320 3834 428 3898 amicis
447 3835 606 3913 adsistere,
625 3836 828 3913 inlacrimare,
847 3858 887 3901 ne
900 3838 1001 3902 visere
1013 3837 1141 3920 quidem
1154 3837 1274 3901 diutius

247 3925 382 3990 dabatur
344 3949 395 4003 3
418 3928 475 3992 sed
496 3929 685 3993 circumiecti
707 3930 932 4002 custodeset
923 3954 956 3994 m
977 3952 1149 3995 maerorem
1168 3930 1275 3995 cuius-

249 4039 310 4101 que
327 4021 437 4084 intenti
455 4043 584 4106 corpora
604 4022 779 4109 putrefacta
796 4024 1049 4102 adsectabantur,
1073 4025 1149 4088 dum
1166 4024 1201 4088 in
1218 4024 1275 4088 Ti·

249 4111 348 4177 berim
374 4114 580 4194 traherentur,
612 4117 667 4182 ubi
692 4118 844 4184 fluitantia
869 4129 923 4183 aut
947 4120 1023 4204 ripis
1050 4117 1183 4203 adpulsa
1209 4139 1273 4182 non
