2760 4874
249 443 252 450 Ι
401 371 610 430 ANNALIUM
627 369 701 425 LIB.
715 369 778 425 XV.
798 369 839 422 73.
850 367 891 422 74.
1098 351 1160 417 317

135 466 366 619 deffleatamis
394 539 520 595 senatus
548 526 705 593 Cerialem
730 524 893 602 Anicium,
922 506 1081 589 consulem
1108 522 1162 586 de-

137 629 309 715 signatum,
336 646 393 710 pro
417 622 570 689 sententia
587 620 706 685 dixisse
728 629 764 684 ut
785 618 937 703 templum
954 617 1027 681 divo
1044 616 1161 681 Neroni

136 744 231 805 quam
249 718 428 783 maturrime
445 716 572 802 publiea
588 713 722 800 pecunia
739 722 913 798 poneretur,
933 711 1017 794 quod
1035 709 1162 792 quidem

136 815 188 879 ille
215 812 402 878 decernebat
428 821 590 894 tamquam
615 808 747 873 mortale
778 807 941 892 fastigium
972 825 1099 891 egresso
1131 812 1162 866 et

136 908 369 978 venerationem
386 905 549 970 hominum
566 903 691 967 merito:
712 900 810 988 [Nero
823 901 992 986 prolubait,
1015 895 1065 983 ae]
1085 918 1163 979 quo-

137 1001 269 1066 rundam
287 1000 376 1064 dolus
391 999 434 1064 ad
456 998 561 1063 omina
578 997 628 1062 sui
645 997 748 1061 exitus
770 1002 950 1060 verteretur.
977 1015 1051 1056 nam
1069 992 1164 1054 deum

137 1095 237 1160 honor
253 1094 385 1180 principi
402 1116 466 1158 non
484 1102 555 1158 ante
568 1090 701 1157 habetur
715 1112 810 1174 quam
822 1110 916 1175 agere
928 1087 1009 1151 inter
1021 1084 1163 1152 homines

139 1190 274 1256 desierit.

459 1357 672 1431 connum
690 1369 846 1426 rnerrr

309 1511 1001 1623 ANNALIUM

392 1695 442 1745 AB
460 1695 630 1746 EXCESSU
647 1693 730 1744 DIVI
747 1692 915 1746 AUGUSTI

375 1851 509 1906 LIBER
531 1804 704 1907 SEXTUS
726 1848 936 1906 DECIMUS.

564 2006 748 2047 BREVIARIUM.

193 2090 261 2162 Cap.
272 2090 356 2144 1-3.
366 2088 466 2144 llludit
474 2088 590 2143 fortuna
599 2086 846 2143 vanitatiNeronis
856 2088 1042 2158 perBassum,
1050 2087 1099 2158 qui
1107 2086 1168 2142 the·
1271 2112 1274 2116 ·

143 2187 255 2224 saurum
268 2169 298 2223 iu
312 2167 445 2224 Numidia
460 2166 605 2220 defossum
622 2166 720 2234 iactat,
740 2182 823 2236 quem
835 2165 913 2221 Nero
928 2165 1034 2220 frustra
1048 2164 1168 2236 quaerit.

141 2247 166 2301 4.
180 2245 291 2301 lustrali
306 2245 458 2299 certamine
477 2243 597 2297 victoria
614 2248 714 2297 cantus
730 2243 828 2296 oblata
842 2242 949 2298 Neroni
963 2248 993 2297 et
1006 2258 1112 2296 corona
1126 2241 1167 2296 fa·

142 2323 271 2378 candiae.
288 2321 313 2375 5.
323 2321 353 2375 in
362 2337 397 2375 eo
408 2320 572 2390 spectaculo
582 2318 744 2374 auditorum
755 2319 889 2373 molestia
903 2324 933 2373 et
940 2318 1111 2389 Vespasiani
1120 2335 1168 2388 pe·

142 2401 271 2454 riculum.
290 2399 314 2452 6.
326 2399 491 2467 Poppaeam
499 2402 639 2451 mortuam
648 2397 748 2450 laudat
757 2397 833 2452 Nero
844 2397 921 2466 apud
930 2402 1031 2451 rostra

193 2477 277 2530 7-e
291 2474 372 2528 Pulsi
387 2472 503 2527 Cassius
519 2478 548 2528 et
562 2471 675 2527 Silanus
690 2477 836 2527 necantur.
855 2473 896 2526 10.
906 2473 948 2526 11.
961 2472 995 2526 L.
1004 2473 1094 2527 Vetus
1105 2490 1169 2527 cum

143 2551 239 2607 Sextia
249 2568 332 2606 socru
342 2555 371 2604 et
379 2549 508 2604 Pollucia
517 2549 577 2604 filia
586 2550 668 2620 perit.
696 2549 737 2602 12.
748 2548 923 2603 accusatoris
932 2549 1066 2619 praemia.
1092 2566 1169 2604 men·

143 2629 214 2682 sium
223 2644 298 2682 nova
306 2627 429 2682 nomina.
448 2627 489 2680 13.
499 2626 612 2681 turbine
621 2632 771 2681 ventorum
781 2630 893 2680 vastata
903 2624 1066 2696 Campania.
1084 2625 1169 2695 pesti·

142 2705 239 2760 lentia.
265 2704 489 2775 Lugdunensem
507 2705 618 2759 cladem
634 2704 768 2774 princeps
787 2704 904 2758 solatur.
935 2702 976 2756 14.
995 2702 1037 2757 15.
1056 2702 1170 2756 Sosiani

142 2780 242 2835 fraude
254 2779 461 2836 Chaldaeorum
470 2781 657 2850 consultores,
673 2781 705 2834 P.
715 2778 836 2834 Anteius
851 2784 880 2834 et
890 2778 1020 2834 Ostorius
1035 2777 1169 2849 Scapula,

143 2858 230 2912 delati
239 2864 358 2912 mortem
367 2857 437 2911 iussi
444 2863 609 2928 properant.
628 2858 669 2912 16.
680 2856 773 2912 Taciti
782 2874 868 2927 super
877 2861 921 2911 tot
930 2857 1060 2911 cladibus
1071 2872 1170 2927 quere·

142 2935 196 2990 lae.
215 2936 256 2990 17.
266 2935 365 2991 Rufius
377 2933 523 3007 Crispinus
538 2942 654 2991 coactus
665 2955 695 2992 se
710 2935 853 2992 interficit.
880 2935 957 2990 Mela
971 2935 1053 2990 falsis
1066 2935 1168 2990 litteris

143 3013 509 3085 circumventus,·similique
524 3021 584 3070 arte
595 3013 722 3069 Cerialis.
742 3015 783 3068 18.
794 3014 834 3067 19.
845 3011 874 3066 C.
884 3013 1045 3082 Petronius,
1059 3013 1168 3069 erudito

143 3089 210 3142 luxu
228 3095 322 3158 notus,
340 3091 476 3160 Tigellini
493 3091 601 3146 invidia
619 3107 732 3159 exosus,
751 3107 839 3144 venas
858 3089 912 3143 sibi
925 3088 1039 3158 incidit,
1058 3088 1169 3158 flagitia

142 3165 265 3235 principi
275 3166 415 3220 codicillis
425 3168 587 3237 exprobrat.
605 3168 647 3221 20.
657 3166 724 3221 inde
736 3166 821 3221 Siliae
832 3166 953 3220 exilium

195 3241 314 3296 21-23.
337 3241 495 3308 Thraseam
513 3244 634 3298 Paetum
651 3248 788 3298 accusant
806 3240 992 3297 Cossutianus
1011 3247 1041 3296 et
1058 3241 1169 3312 Eprius,

143 3317 263 3372 Baream
273 3316 412 3372 Soranum
423 3318 553 3374 Ostorius
564 3319 695 3374 Sabinus.
713 3319 756 3373 24.
767 3318 954 3375 adNeronem
963 3318 1110 3373 codicillos
1122 3319 1172 3372 dat

144 3394 281 3449 Thrasea.
290 3393 519 3465 ispatresvocari
529 3395 616 3452 iubet.
634 3393 1172 3451 25.26.consultatThraseaanincuria

143 3469 339 3526 defensionem
348 3477 476 3542 temptet.
494 3473 622 3530 27.Nero
638 3479 768 3528 senatum
778 3473 862 3529 armis
872 3472 995 3542 obsidet,
1010 3472 1172 3543 infrequen-

107 3604 112 3618 ,
143 3547 212 3601 tiam
224 3554 336 3617 patrum
354 3549 456 3619 arguit.
475 3548 594 3604 28430.
605 3549 758 3605 Marcellus
772 3549 875 3619 Eprius
884 3549 1055 3618 Thoeseam,
1074 3547 1171 3603 Helvi-

145 3623 230 3694 dium,
240 3624 436 3695 Agrippinum,
447 3626 622 3696 Montanum,
635 3626 765 3682 Ostorius
775 3627 897 3682 Baream
910 3643 973 3680 cum
982 3625 1042 3681 filia
1052 3625 1173 3680 Servilia

144 3707 289 3756 accusant.
298 3703 443 3757 31.eorum
453 3704 622 3759 miserabilis
633 3702 761 3759 defensio
771 3704 801 3757 in
811 3709 919 3760 senatu.
937 3703 978 3758 32.
984 3703 1171 3774 33.Egnatins

144 3779 363 3847 pseudostoicus
373 3780 482 3850 perfide
492 3782 522 3835 in
532 3780 671 3836 Soranum
681 3781 756 3853 agit,
767 3781 813 3836 cui
822 3780 937 3836 Cassius
947 3779 1170 3851 Asclepiodotus

145 3855 289 3925 egregiam
298 3856 383 3911 fidem
392 3864 528 3928 praestat.
546 3857 971 3929 Thraseae,Sorano,Serviliae
981 3859 1064 3913 datur
1073 3858 1171 3912 mortis

145 3932 300 3987 arbitrium.
323 3932 483 4005 Helvidius,
498 3935 830 4006 Paconiusltaliapulsi.
858 3935 1012 3991 Montanus
1021 3934 1096 4005 patri
1106 3951 1171 3989 con-

146 4023 252 4062 cessus.
270 4016 453 4066 accusatores
461 4012 641 4068 remunerati.
658 4012 701 4067 34.
711 4014 839 4068 Thrasea
847 4012 921 4067 libat
929 4012 991 4067 Iovi
999 4012 1154 4068 liberatori.

195 4083 272 4141 Anni
281 4087 365 4142 unius
376 4088 447 4146 haec
456 4096 547 4162 gesta,
559 4089 588 4145 C.
599 4089 746 4157 Suetonio,
756 4090 790 4146 L.
800 4090 905 4146 Pontio
915 4090 1048 4160 Telesino
1059 4108 1133 4146 coss.
