2760 4874
406 371 611 430 ANNALIUM
630 373 704 426 LIB.
718 370 797 429 XVI.
812 373 897 426 1-6.
1099 360 1161 424 319

141 476 160 514 p.
172 463 211 505 cn.
222 465 254 503 ιι.

141 547 204 610 ιιιι;
223 532 280 596 sed
287 528 370 595 Nero
389 530 465 593 nihil
483 529 602 594 ambitu
620 551 677 592 nec
690 538 845 614 potestate
860 540 986 593 senatus
1001 552 1079 614 opus
1094 552 1163 594 esse

141 627 295 703 dictitans,
316 648 349 689 se
367 646 502 707 aequum
521 625 687 688 adversum
705 623 846 687 aemulos
865 632 896 687 et
917 623 1066 708 religione
1084 624 1164 688 iudi-

141 743 214 784 cum
223 720 365 783 meritam
378 718 503 782 laudem
513 718 747 794 adsecuturum,
766 717 866 801 primo
881 739 1006 782 carmen
1019 718 1053 780 iu
1071 740 1164 783 scena
1191 732 1195 738 ’

140 815 264 890 recitat3
282 836 356 878 mox
370 813 529 898 flagitante
542 811 638 898 vulgo
648 821 682 875 ut
692 811 796 876 omnia
806 812 908 876 studia
923 834 980 876 sua
992 811 1164 897 publicaret

141 946 183 955 -
200 907 278 971 haec
297 908 380 970 enim
398 905 494 971 verba
512 906 673 971 dixere-
687 905 860 991 ingreditur
877 906 1031 970 theatrum
1045 907 1163 970 cunctis

142 1001 278 1065 citharae
295 1000 418 1110 legibus
437 999 670 1084 obtemperans,
692 1021 733 1063 ne
750 999 855 1063 fessus
873 1000 1036 1077 resideret,
1054 1022 1094 1064 ne
1113 1023 1165 1065 su-

143 1096 302 1160 dorem
273 1096 333 1160 msi
356 1117 392 1159 ea
411 1117 506 1202 quam
528 1093 648 1158 indut
606 1102 651 1157 ιιιι
667 1093 797 1179 gerebat
814 1103 901 1158 veste
920 1095 1165 1180 detergeret‚ut

141 1190 227 1253 nulla
253 1189 315 1253 oris
342 1198 396 1252 aut
422 1188 543 1251 narium
570 1197 779 1252 excrementa.
793 1187 975 1251 viserentur.
1000 1197 1164 1273 postremo

142 1285 242 1348 flexus
268 1305 352 1368 genu
379 1292 410 1346 et
436 1290 559 1346 coetum
580 1271 668 1344 illum
690 1304 785 1345 manu
807 1290 972 1346 veneratus
996 1282 1165 1346 sententias

142 1378 280 1441 iudicum
298 1374 515 1461 opperiebatur
532 1375 585 1439 fict
574 1384 605 1439 to
623 1397 753 1459 pavore3
772 1384 803 1438 et
819 1373 911 1459 plebs
928 1375 1053 1457 quidem
1069 1375 1163 1453 urbiS,

142 1471 328 1535 histrionum
346 1491 469 1554 quoque
487 1479 596 1555 gestus
614 1469 722 1532 iuvare
740 1468 840 1545 solita,
852 1508 856 1519 ν
868 1469 1055 1554 personabat
1073 1470 1164 1534 certis

142 1565 243 1629 modis
261 1565 437 1649 plausuque
454 1563 641 1647 composito:
665 1562 806 1627 crederes
828 1563 949 1642 laetari3
972 1586 1009 1627 ac
1031 1564 1165 1631 fortasse

142 1659 337 1724 laetabantur
357 1681 413 1743 per
434 1658 585 1722 incuriam
606 1657 723 1742 publici
740 1657 864 1743 flagitii3
888 1659 944 1722 sed
962 1659 1016 1741 qui
1037 1659 1163 1727 remotis
1183 1685 1198 1732 5

41 1776 46 1789 ¹
143 1774 160 1816 e
178 1753 354 1838 municipiis
373 1774 575 1834 severamque
593 1751 744 1816 adhucet
757 1775 795 1816 an
798 1752 876 1834 tiqui
888 1752 983 1817 moris
996 1753 1164 1817 retinentes

143 1846 279 1922 Italiam,
307 1847 423 1928 quique
444 1868 501 1930 per
521 1845 708 1930 longinquas
730 1846 906 1930 provincias
928 1846 1086 1911 lascivia
1078 1869 1166 1911 mex-

143 1939 223 2023 perti
200 1939 350 2003 tofticio
371 1939 580 2023 legationum
572 1949 644 2002 aut
665 1939 787 2023 privata
808 1939 939 2003 utilitate
965 1926 1163 2016 adveneranl,

145 2054 245 2115 neque
263 2041 424 2116 aspectum
441 2032 530 2095 illum
547 2032 677 2096 tolerare
688 2054 789 2115 neque
803 2032 904 2098 labori
920 2033 1085 2098 inhonesto
1098 2034 1165 2098 suf-

130 2127 246 2220 ficere,
265 2149 336 2190 cum
346 2120 490 2190 manibus
503 2125 617 2190 nesciis
626 2126 846 2203 fatiscerentt,
833 2125 1113 2212 turbarentgnaros
1128 2149 1165 2191 ac

145 2243 266 2305 saepea
280 2219 429 2283 militibus
442 2218 687 2297 verberarentur,
707 2219 761 2302 qui
773 2242 830 2305 per
843 2242 959 2284 cuneos
973 2221 1106 2297 stabant,
1124 2243 1164 2285 ne

144 2316 229 2397 quod
242 2313 389 2398 temporis
402 2321 597 2376 momentum
609 2312 711 2397 inpari
725 2313 859 2377 clamore
873 2323 927 2377 aut
940 2314 1061 2378 silentio
1076 2315 1166 2399 segni

144 2409 333 2493 praeteriret.
357 2406 494 2473 constitit
506 2406 671 2491 plerosque
685 2407 833 2489 equitum,
848 2408 922 2470 dum
936 2430 991 2492 per
1004 2409 1165 2493 angustias

145 2502 247 2566 aditus
267 2512 297 2566 et
313 2501 509 2586 ingruentem
531 2500 760 2564 multitudinem
779 2501 944 2579 enituntur,
964 2501 1108 2578 obtritos,
1136 2513 1166 2566 et

145 2597 232 2672 alios,
261 2597 336 2659 dum
354 2595 437 2658 diem
458 2605 643 2678 noctemque
666 2594 816 2660 sedilibus
835 2596 1028 2674 continuant,
1057 2596 1166 2661 morbo

146 2689 295 2753 exitiabili
308 2699 479 2774 correptos:
498 2688 614 2774 quippe
626 2689 752 2775 gravior
763 2688 862 2754 inerat
873 2700 985 2776 metus,
1006 2691 1167 2776 sispecta-

146 2784 216 2848 culo
234 2783 421 2861 defuissent,
441 2783 546 2848 multis
563 2783 668 2868 palam
686 2792 717 2847 et
732 2783 874 2873 pluribus
893 2784 1037 2863 occultis,
1059 2795 1095 2850 ut
1111 2808 1168 2850 no-

145 2879 230 2943 mina
248 2900 285 2943 ac
293 2878 406 2956 voltus,
426 2878 616 2943 alacritatem
631 2871 847 2962 tristitiamque
858 2880 1035 2944 coeuntium
1050 2890 1167 2946 scruta-

145 2983 264 3052 rentur;
274 2974 357 3041 unde
366 2973 558 3039 tenuioribus
569 2973 674 3038 statim
682 2973 823 3059 inrogata
833 2974 994 3059 supplicia,
1001 2975 1167 3038 adversum

145 3069 280 3134 illustres
294 3070 524 3134 dissimulatum
538 3070 739 3153 adpraesens
754 3078 786 3132 et
797 3090 872 3132 mox
884 3069 1040 3134 redditum
1053 3070 1166 3132 odium.

145 3162 348 3244 ferebantque
365 3161 611 3270 Vespasianum,
635 3171 795 3244 tamquam
813 3184 923 3226 somno
940 3162 1169 3239 conniveret,a

146 3254 277 3319 Phoebo
290 3255 424 3318 liberto
415 3255 533 3339 rnorepi
534 3264 600 3318 tum
618 3276 773 3362 aegreque
787 3254 950 3319 meliorum
958 3255 1103 3339 precibus
1113 3241 1169 3320 oh-

147 3358 273 3425 tectum,
290 3371 367 3412 mox
379 3342 592 3434 imminentem
605 3347 773 3432 perniciem
791 3347 916 3412 maiore
925 3347 990 3412 sato
1008 3349 1167 3434 effugisse.

211 3441 289 3507 Post
306 3442 400 3505 finem
417 3440 527 3504 ludicri
540 3439 690 3525 Poppaea
706 3449 837 3504 mortem
855 3439 941 3517 obiit,
959 3441 1066 3505 sortuit
1055 3451 1086 3505 ta
1103 3465 1168 3506 ma·
1188 3462 1202 3508 c

146 3517 197 3599 riti
214 3535 383 3611 iracundia,
403 3558 423 3598 a
439 3555 502 3617 quo
520 3535 650 3619 gravida
667 3533 731 3598 ictu
748 3533 842 3598 calcis
856 3533 1034 3599 afflictat
987 3544 1047 3602 est·
1040 3554 1168 3618 ,neque

147 3630 230 3693 enim
248 3651 402 3693 venenum
416 3627 609 3705 crediderim,
627 3627 772 3711 quamvis
786 3627 913 3711 quidam
928 3628 1023 3713 script
1024 3651 1093 3693 ores
1107 3639 1169 3693 tra-

147 3723 231 3799 dant,
251 3723 322 3786 odio
339 3722 440 3807 magis
459 3743 553 3804 quam
571 3743 610 3785 ex
627 3721 702 3786 fide:
721 3721 836 3806 quippe
853 3721 1021 3787 liberorum
1036 3723 1167 3808 cupiens

148 3816 285 3880 etamori
298 3815 403 3879 uxoris
413 3815 568 3880 obnoxius
583 3825 657 3881 erat.
677 3836 789 3900 corpus
803 3839 867 3881 non
880 3817 946 3901 igar
936 3816 1105 3881 abolitum

147 3909 308 3973 Romanus
327 3932 425 3987 mos,
425 3909 481 3973 sed
493 3931 603 3994 regum
616 3931 655 3973 ex
657 3919 814 3973 ternorum
827 3920 957 3974 consuet
945 3911 1051 3974 tudine
1064 3909 1169 3976 differ·
1246 3903 1255 3907 ⁸

148 4011 215 4065 tum
228 4001 381 4067 odoribus.
389 4002 493 4066 condit
481 4011 530 4066 ιιιι
543 3991 723 4085 tumuloque
732 4002 882 4067 Iuliorum
894 4003 1047 4084 infertur3
1057 4006 1168 4071 ductae

150 4104 253 4160 tamen
269 4095 412 4182 publicae
431 4096 580 4180 exequiae
598 4095 824 4181 laudavitque
815 4120 883 4182 1pse
896 4098 980 4184 apud
993 4109 1093 4166 rostra
1105 4100 1169 4169 for·
