2760 4874
245 340 306 404 114
589 347 771 405 CORNELII
789 347 917 404 TAClTl

1155 447 1174 477 a.
1184 449 1206 477 u.
1217 441 1263 479 aas.

243 529 324 573 anno
347 528 531 594 supremum*
549 505 632 569 diem
654 504 803 590 explevit,
828 503 947 569 Catone
971 506 1124 569 avunculo
1146 507 1263 590 genita,

243 600 281 666 C.
302 599 406 666 Cassii
423 621 515 676 uxor,
537 597 585 662 M.
604 599 695 662 Bruti
714 620 809 663 soror.
838 606 1057 663 testamentum
1079 599 1145 663 eius
1164 600 1263 664 multo

242 693 326 778 apud
347 692 477 778 vulgum
498 712 621 756 rumore
643 691 715 769 fuit,
743 691 816 773 quia
837 691 869 753 in
891 690 1013 776 magnis
1035 690 1162 777 opibus,
1191 715 1264 757 oum

241 786 339 850 ferme
357 793 484 849 cunctos
501 806 645 870 proceres
663 806 736 849 eum
752 784 869 848 honore
887 784 1125 862 nominavisset,
1145 783 1264 852 Caesa-

158 923 160 926 <
240 901 306 943 rem
324 878 441 963 omisi13
464 878 549 962 qnod
570 878 700 943 civiliter
721 886 884 963 acceptum
901 899 1003 961 neque
1024 877 1183 964 prohibuit
1199 901 1262 962 quo

144 977 145 980 ’
240 973 343 1036 minus
361 971 538 1036 laudatione
554 993 612 1057 pro
629 970 735 1035 rostris
754 971 927 1055 ceterisque
945 971 1147 1036 sollemnibus
1165 972 1261 1037 funus

240 1066 501 1130 cohonestaretur.
520 1062 630 1151 viginti
648 1064 889 1129 clarissimarum
901 1063 1090 1128 familiarum
1107 1065 1261 1151 imagines

239 1159 393 1223 antelatae
411 1168 497 1236 sunt,
512 1157 642 1235 -Manlii,
662 1156 803 1239 Quinctii
820 1157 942 1240 aliaque
960 1157 1101 1222 eiusdem
1118 1157 1262 1222 nobilita-

240 1253 279 1316 tis
297 1253 436 1317 nomina:
460 1251 517 1316 sed
537 1250 776 1336 praefulgebant
799 1249 930 1315 Cassius
954 1260 1047 1340 atque
1068 1251 1200 1328 Brutus,
1224 1273 1262 1315 eo

138 1374 141 1379 ·
240 1346 308 1430 ipso
327 1345 411 1429 quod
429 1345 557 1430 effigies·
569 1367 676 1410 eorum
693 1367 756 1409 non
774 1345 961 1410 visebantur.

555 1587 771 1644 CORNELII
792 1586 945 1643 TACITI

422 1681 1077 1826 Anaunion

487 1907 535 1956 AB
553 1907 724 1958 EXOESSU
743 1908 824 1958 DIVI
842 1906 1009 1959 AUGUSTI

424 2048 430 2055 ’
543 2061 698 2141 'nisan
717 2062 941 2128 sannaus

654 2219 837 2260 assummum.

290 2300 358 2372 Cap.
372 2301 396 2355 1.
411 2301 657 2356 Tiberiussaevit.
684 2319 770 2358 eausa
788 2318 877 2372 penes
890 2299 1002 2357 Aelium
1016 2300 1161 2373 Seianum,
1180 2300 1260 2355 euius

238 2378 382 2450 ingenium
391 2381 533 2433 'etmores
555 2378 580 2432 2.
591 2379 615 2432 is
627 2379 845 2434 dominationem
855 2379 974 2449 aspirat,
990 2395 1046 2449 quo
1059 2383 1091 2432 ut
1102 2377 1259 2447 perveniat,

237 2454 344 2510 Romae
354 2454 384 2508 in
394 2460 488 2509 eastra
500 2454 643 2524 praetoria
656 2454 771 2511 militem
786 2456 926 2509 oondueit.
947 2455 972 2509 3.
981 2455 1076 2510 Druso
1085 2453 1192 2509 Tiberii
1200 2453 1259 2507 filio
1362 2478 1366 2487 ¹

237 2531 386 2586 insidiatur
394 2536 447 2601 per
455 2547 571 2585 uxorem
580 2531 641 2585 eius
651 2537 747 2602 stupro
758 2533 906 2601 pollutam.
948 2529 1261 2587 5.DrususGermaniei

237 2604 335 2677 togam
349 2607 456 2661 virilem
471 2607 562 2660 sumit.
585 2612 675 2661 status
687 2608 834 2677 publicus,
847 2626 867 2662 n
967 2626 979 2661 s
993 2608 1150 2678 legionum,
1165 2623 1260 2661 earum

238 2690 267 2738 et
276 2684 432 2738 cohortium
446 2689 475 2737 et
490 2683 624 2738 classium
633 2684 698 2738 losa
708 2691 893 2754 exponuntur.
916 2685 940 2739 6.
951 2685 1041 2738 civilis
1055 2682 1259 2738 administratio

238 2761 330 2831 qualis
343 2760 489 2814 haetenus.
513 2760 537 2813 7.
546 2760 570 2813 8.
586 2759 705 2813 Seianus
718 2762 874 2830 potentiam
889 2767 975 2831 auget
989 2761 1100 2815 sublato
1115 2777 1166 2830 per
1178 2776 1259 2828 vene·
1299 2759 1301 2762 ’

237 2836 412 2889 numDruso.
430 2835 561 2889 Tiberius
571 2836 693 2890 animum
703 2836 843 2906 obfirmat,
854 2843 982 2894 senatum
992 2837 1083 2907 erigit,
1095 2836 1176 2906 eique
1185 2835 1259 2889 filios

239 2910 401 2968 Germanioi
415 2912 471 2965 duo
487 2913 664 2966 sommendat
676 2918 709 2965 ut
716 2913 827 2983 imperii
839 2913 967 2969 heredes.
990 2915 1015 2968 9.
1025 2913 1110 2967 funus
1119 2911 1214 2967 Druso
1228 2911 1259 2965 il·

237 2990 334 3043 lustre.
348 2989 390 3041 10.
396 2989 437 3042 11.
443 2987 518 3042 falsa
528 2989 562 3042 de
568 2988 662 3044 Druso
670 2988 705 3043 ab
711 2988 859 3060 ipsopatre
865 2991 1164 3060 imprudenterneeato
1175 2989 1259 3043 fama.

238 3065 279 3118 12.
288 3064 389 3134 populi
397 3064 479 3119 favor
491 3063 557 3119 filiis
569 3065 729 3120 Germanioi
737 3067 847 3121 noxius.
873 3067 907 3120 iis
918 3073 947 3122 et
955 3067 1130 3138 Agrippinae
1141 3066 1259 3121 Seianus

237 3141 355 3196 insidias
366 3141 455 3197 struit.
617 3141 621 3149 ’

213 3282 216 3286 ¹
288 3219 329 3272 13.
340 3218 472 3273 Tiberius
482 3218 639 3290 legationes
654 3225 682 3275 et
696 3220 891 3276 aecusationes
906 3220 1049 3275 civitatum
1062 3225 1091 3275 et
1102 3218 1259 3290 provincia-

237 3297 395 3350 rnmaudit.
413 3295 455 3350 14.
466 3297 501 3351 de
511 3297 598 3367 asylis
608 3302 710 3352 aetum.
734 3297 885 3352 histriones
898 3297 983 3358 Italia
990 3297 1074 3368 pulsi.
1093 3296 1134 3351 15.
1144 3297 1216 3352 alter
1226 3315 1260 3351 er

236 3373 324 3427 Drusi
333 3373 430 3428 liberis
440 3373 513 3443 obit,
524 3373 591 3429 item
600 3374 727 3428 Lucilius
735 3375 868 3444 Longus,
877 3375 1013 3445 principis
1024 3374 1139 3429 amious.
1158 3372 1258 3443 Capito

237 3451 393 3505 damnatus.
412 3451 453 3504 16.
463 3451 509 3505 lex
517 3452 576 3505 lata
586 3451 621 3504 de
631 3450 839 3506 flamineDiali.
856 3451 1023 3507 Vestalibus
1032 3451 1147 3505 habitus
1157 3450 1258 3504 honos.

288 3527 490 3599 17.Sollemrria
497 3533 565 3582 vota
593 3544 625 3581 ro
633 3527 769 3598 principe.
787 3528 822 3582 iis
831 3521 1011 3584 insertiNero
1022 3527 1173 3582 etDrusus.
1192 3526 1259 3580 hino

237 3604 332 3658 odium
340 3604 460 3673 Tiberii,
476 3621 559 3674 quem
572 3545 693 3658 ieiunus
707 3605 840 3659 stimulat.
863 3605 904 3659 18.
917 3605 965 3659 hio
980 3603 1140 3660 Germanioi
1152 3603 1258 3657 amieos

237 3681 410 3751 aggreditur.
428 3680 472 3734 19.
480 3680 564 3734 Silius
574 3681 729 3736 damnatur.
747 3682 789 3735 20.
799 3698 870 3735 uxor
878 3681 940 3737 eius
950 3681 1069 3736 Sosiain
1079 3679 1191 3735 exilium
1199 3679 1258 3748 pel·

236 3757 311 3810 litut.
330 3757 486 3826 M‘.Lepidi
495 3757 658 3812 moderatio.
677 3757 791 3812 21.Piso
802 3763 951 3826 aecusatus
962 3757 1031 3812 obit.
1050 3755 1165 3824 Cassius
1175 3753 1257 3809 Seve-

221 3851 284 3891 ‚rus
293 3834 323 3887 in
333 3851 428 3888 saxum
439 3833 597 3903 Seriphium
605 3835 756 3904 relegatur.
773 3835 815 3888 22.
824 3834 954 3889 Plautius
964 3832 1095 3888 Silvanus
1104 3832 1184 3902 perit.

270 3909 405 3964 ‘233-«25.
415 3910 625 3965 Taefarinatem
638 3910 716 3965 bella
724 3928 821 3965 rursus
829 3916 989 3970 moventem
997 3909 1152 3964 Dolabella
1165 3906 1256 3977 oppri-
1339 3947 1341 3950 .

236 3986 287 4040 mit
301 3991 330 4040 et
343 3987 444 4041 caedit.
466 3988 508 4041 26.
522 3987 702 4057 triumphalia
714 4005 772 4042 non
786 3987 925 4058 impetrat.
948 3988 1128 4042 Ptolemaeus
1140 3999 1257 4038 munera

238 4062 349 4133 aooipit.
367 4064 409 4118 27.
429 4064 537 4118 servilis
547 4070 639 4119 motus
651 4065 759 4121 semina
765 4083 818 4135 per
827 4065 939 4121 Italiam
949 4080 1095 4134 oppressa.

71 4276 327 4587 ἢ
