2760 4874
196 426 260 489 232
545 428 728 487 culturus
741 425 879 483 TsclTI

1126 528 1169 558 au
1185 520 1225 559 sos.

195 593 301 658 valent
326 590 459 667 inlicita,
486 586 688 665 abhorrebat;
713 584 979 669 metuebaturque
1002 608 1045 651 ne
1067 586 1102 650 in
1129 595 1227 672 stupra

195 686 382 752 seminarum
404 682 580 747 inlustrium
602 688 830 767 prorumperet,
854 678 883 745 si
900 678 957 744 illa
979 678 1116 746 libidine
1131 681 1227 767 prohi·
1322 676 1326 683 ’

195 780 330 845 bct-etur.

147 898 178 943 ra
240 874 306 941 sal
320 872 497 959 Agrippina
510 870 653 935 libertum
665 868 830 945 aemulam,
849 890 968 933 nurum
982 868 1144 946 ancillam,
1162 868 1228 933 slia-

196 990 258 1051 que
276 967 410 1031 eundem
432 966 464 1028 in
481 964 610 1029 modum
632 962 823 1027 muliebriter
843 962 982 1027 fremere
1006 984 1114 1047 neque
1130 962 1228 1049 paeni·
1331 986 1334 1025 :

125 1066 129 1071 '
197 1062 325 1126 tentiam
351 1060 405 1123 lilii
431 1068 486 1122 aut
512 1057 687 1123 satietatem
709 1055 857 1143 opperiri,
882 1066 1074 1141 quantoque
1096 1055 1229 1121 foediora
1330 1112 1334 1159 i

196 1152 419 1239 exprobrabat,
442 1150 544 1216 acrius
562 1151 746 1227 accendere,
769 1150 870 1214 donce
886 1149 921 1213 vi
941 1150 1067 1216 amoris
1085 1149 1229 1215 subactus
1332 1236 1335 1241 Ι

196 1258 325 1315 erueret
341 1246 528 1329 obsequium
546 1246 578 1309 in
596 1256 727 1309 matrem
744 1264 841 1327 seque
859 1241 1007 1310 Senecae
1030 1245 1228 1331 permitteret,
1332 1258 1335 1275 ²

197 1366 237 1407 cx
259 1342 349 1405 cuius
372 1337 578 1403 liuniliaribus
596 1338 748 1403 Annaeus
767 1334 906 1403 Serenus
925 1338 1134 1404 simulatione
1151 1361 1230 1403 amo-

196 1435 240 1500 ris
257 1434 409 1499 adversus
427 1430 558 1497 candem
575 1430 718 1497 libertam
739 1430 856 1515 primas
873 1430 1093 1497 adulescentis
1116 1431 1230 1516 eupidi-
1324 1508 1328 1517 Ι

197 1551 253 1592 nes
273 1527 429 1590 velnvcrat
440 1524 688 1610 praebueratque
704 1546 828 1602 nomen,
845 1534 882 1588 ut
898 1544 981 1607 quae
998 1525 1155 1611 princeps
1171 1526 1229 1589 fru-

198 1622 253 1685 tim
267 1618 466 1684 mulierculae
480 1618 645 1695 tribuebat,
659 1618 711 1683 ille
720 1618 823 1705 palam
836 1616 1015 1705 largiretur.
1037 1628 1108 1683 tum
1116 1618 1229 1705 Agrip-

196 1714 272 1799 pina
285 1712 382 1775 versis
398 1711 517 1775 artibus
526 1734 583 1797 per
595 1710 807 1776 blandimenta
819 1710 966 1776 iuvenem
979 1712 1129 1799 adgredi,
1144 1735 1229 1777 suum

197 1806 302 1893 potius
316 1804 494 1870 cubiculum
512 1828 550 1870 ae
568 1805 670 1871 sinum
684 1805 796 1871 offerre
809 1805 1016 1891 contegendis
1030 1827 1118 1889 quae
1135 1806 1230 1892 prima

198 1910 284 1965 aetas
302 1911 334 1963 ct
351 1923 475 1965 summa
491 1900 617 1965 fortuna
638 1908 831 1985 expeterent3
853 1898 930 1982 quin
952 1908 985 1963 et
1006 1898 1172 1965 fatebatur
1187 1900 1229 1964 in-
1332 1952 1336 1985 2

197 1996 413 2079 tempestivam
428 1994 625 2058 severitatem
643 2003 674 2058 ct
693 2016 820 2059 suarum
833 2015 938 2077 opum,
958 2014 1043 2076 quae
1062 1993 1152 2059 haud
1164 2016 1230 2079 pre
1332 2004 1337 2065 ξ

198 2088 249 2153 cul
266 2087 471 2173 imperatoriis
490 2087 632 2164 aberant,
655 2087 761 2172 copias
779 2085 934 2165 tradebat,
957 2095 994 2151 ut
1014 2088 1119 2153 nimia
1135 2110 1230 2174 nuper
1334 2070 1338 2113 ²

198 2183 370 2248 coercendo
392 2182 469 2258 lilio,
492 2181 537 2245 ita
557 2204 681 2247 rursum
703 2182 944 2267 intemperanter
965 2181 1125 2249 demissa:
1153 2203 1228 2266 quae

198 2277 329 2341 mutatio
347 2298 448 2358 neque
461 2274 618 2340 Neronem
631 2275 752 2352 fefellit,
770 2283 802 2339 et
818 2274 952 2360 proximi
970 2274 1151 2341 amicorum
1168 2297 1229 2339 me-

199 2369 328 2434 tuebant
345 2369 538 2452 orabantque
560 2390 670 2433 cavere
687 2367 817 2433 insidias
839 2367 979 2433 mulieris
1003 2390 1134 2455 semper
1150 2379 1229 2434 atro-

199 2463 254 2538 cis,
274 2473 340 2526 tum
354 2474 384 2527 ct
397 2463 505 2526 falsae.
528 2461 608 2526 forte
622 2462 683 2528 illis
697 2462 808 2527 diebus
823 2460 942 2527 Caesar
958 2461 1107 2547 inspecto
1121 2473 1229 2527 ornatu

198 2578 261 2639 quo
288 2556 462 2641 principum
489 2556 638 2640 coniuges
665 2576 703 2620 ae
723 2564 868 2640 parentes
894 2553 1096 2633 effulserant,
1124 2556 1230 2642 deligit

198 2660 319 2714 vestem
338 2661 369 2713 et
385 2672 527 2735 gemmas
545 2650 691 2733 misitque
709 2650 826 2714 donum
843 2649 947 2725 matri,
970 2649 1060 2714 nulla
1077 2652 1230 2736 parsimo-

200 2743 261 2819 nia,
277 2766 348 2807 cum
361 2744 529 2829 praecipua
543 2754 574 2807 et
587 2745 693 2830 cupita
705 2744 774 2809 aliis
784 2744 867 2829 prior
879 2743 1029 2821 deferret3
1045 2745 1106 2809 sed
1114 2743 1230 2832 Agrip-
1339 2746 1343 2761 '

199 2838 273 2921 pins
290 2860 352 2900 non
370 2837 419 2901 his
437 2837 548 2900 instrui
565 2838 667 2902 cultus
686 2860 769 2916 suos,
789 2838 845 2902 sed
862 2836 972 2901 ceteris
991 2838 1094 2902 arceri
1110 2839 1228 2924 procla-
1339 2836 1343 2905 ἶ

200 2939 265 2994 mat
283 2940 313 2994 et
335 2931 473 2993 dividere
494 2930 593 2994 filium
615 2953 696 3014 quae
718 2940 830 2995 cuneta
851 2952 892 2995 ex
912 2930 982 3015 ipsa
1002 2929 1151 2997 haberet:
1175 2955 1229 2997 nee

200 3023 328 3088 defuere
346 3024 399 3106 qui
417 3024 449 3086 in
468 3024 603 3088 deterius
621 3023 781 3089 referrent.

151 3137 183 3183 14
263 3116 308 3184 Et
325 3117 407 3183 Nero
425 3117 567 3182 infensus
589 3118 642 3195 iis,
666 3118 780 3202 quibus
799 3116 944 3202 superbia
965 3117 1132 3184 muliebris
1151 3120 1229 3184 inni-

201 3210 336 3287 tebatur,
364 3212 509 3276 demovet
531 3211 705 3276 Pallantem
731 3234 931 3277 curararum
956 3213 1028 3295 quis
1051 3236 1070 3277 a
1095 3213 1228 3280 Claudio

200 3305 364 3389 impositus
388 3305 472 3369 velut
490 3304 652 3370 arbitrium
673 3307 763 3392 regni
780 3305 906 3392 agebat3
929 3305 1154 3391 ferebaturque
1177 3307 1229 3371 de-

200 3400 360 3485 grediente
383 3422 420 3464 eo
442 3423 557 3486 magna
582 3401 837 3485 prosequentium
863 3398 1061 3464 multitudine
1087 3424 1155 3466 non
1175 3399 1228 3465 ab·
1342 3404 1345 3431 ²

202 3494 294 3556 surde
313 3493 443 3557 dixisse:
466 3493 510 3558 ire
528 3493 717 3570 Pallantem,
740 3503 776 3557 ut
797 3493 944 3568 eiuraret3
967 3514 1044 3555 sane
1065 3493 1228 3579 pepigerat

201 3584 307 3649 Pallas
325 3609 365 3650 ne
383 3586 471 3650 cuius
490 3588 565 3651 sacti
587 3588 620 3651 in
636 3587 838 3672 praeteritum
859 3587 1102 3672 interrogaretur
1123 3609 1228 3672 pares·

202 3700 263 3760 que
288 3680 423 3744 rationes
450 3703 523 3744 eum
544 3704 578 3745 re
600 3680 726 3767 publica
750 3679 888 3744 haberet.
918 3700 1070 3765 praeceps
1096 3679 1228 3765 posthac

202 3772 379 3858 Agrippina
404 3796 493 3838 ruere
519 3776 560 3839 ad
586 3785 733 3839 terrorem
756 3784 787 3838 et
807 3773 923 3852 minas,
950 3795 1052 3856 neque
1078 3773 1227 3859 principis

203 3867 329 3930 auribus
348 3866 503 3932 abstinere
521 3891 583 3952 quo
605 3869 708 3934 minus
727 3877 892 3934 testaretur
913 3866 1055 3932 adultum
1076 3868 1142 3932 iam
1161 3889 1227 3932 esse

203 3957 426 4037 Britannicum,
444 3983 550 4025 veram
564 3963 753 4048 dignamque
767 3962 895 4048 stirpem
914 3960 1114 4046 suscipiendo
1132 3960 1226 4048 patris

202 4050 341 4135 imperio,
360 4055 444 4134 quod
457 4054 569 4119 insitus
583 4068 614 4120 et
626 4057 791 4141 adoptivus
804 4078 860 4141 per
873 4055 999 4119 iniurias
1019 4054 1129 4119 matris
1143 4075 1227 4119 exer-

204 4154 299 4223 ceret;
327 4167 389 4208 non
410 4145 546 4212 abnuere
569 4172 602 4214 se
624 4150 700 4234 quin
722 4160 833 4215 cuncta
854 4149 987 4214 infelicis
1010 4148 1125 4215 domus
1147 4146 1228 4213 mala
