2760 4874
258 353 301 417 50
605 361 787 417 CORNELII
805 360 934 417 TAOITI

1171 463 1223 492 aa.
1234 454 1281 493 769.

258 521 426 587 Idistaviso
444 541 558 585 nomen
576 519 748 596 deducunt3
776 519 804 582 is
827 518 949 583 medius
971 519 1051 583 inter
1068 518 1233 605 Visurgim
1249 532 1282 584 et

258 617 368 695 colles,
390 625 426 680 ut
442 615 529 701 ripae
546 613 683 679 fluminis
702 613 817 679 cedunt
834 623 888 678 aut
904 614 1116 699 prominentia
1127 615 1282 680 montium

257 712 415 787 resistunt,
441 708 645 792 inaequaliter
667 707 821 786 sinuatur3
847 728 931 793 pone
953 716 1076 793 tergum
1097 707 1282 793 insurgebat

258 805 351 881 silva,
379 803 470 869 editis
492 804 525 868 in
543 803 640 867 altum
658 803 752 867 ramis
771 811 803 866 et
823 824 903 886 pura
919 801 1016 867 humo
1037 803 1118 867 inter
1134 803 1281 868 arborum

258 911 399 976 truncos3
417 919 563 983 campum
581 905 612 960 et
628 896 730 981 prima
747 896 897 961 silvarum
914 895 1048 963 barbara
1062 897 1147 962 acies
1166 899 1280 975 tenuit3

258 994 316 1059 soli
335 991 497 1067 Cherusci
525 991 601 1077 iuga
630 991 786 1068 insedere,
817 999 853 1054 ut
877 990 1101 1076 proeliantibus
1127 991 1280 1057 Romanis

257 1089 392 1173 desuper
408 1087 609 1152 incurrerent
631 1095 738 1150 noster
754 1085 908 1150 exercitus
927 1085 973 1150 sic
989 1086 1131 1151 incessitt
1150 1087 1282 1151 auxilia

256 1205 307 1248 res
326 1179 411 1249 Galli
430 1178 644 1264 Germanique
660 1180 693 1243 in
711 1179 823 1258 fronte,
849 1190 921 1264 post
943 1202 1022 1264 quos
1039 1180 1161 1266 pedites
1183 1182 1281 1267 sagit-

257 1277 340 1354 tarii3
359 1276 432 1340 dein
448 1284 595 1359 quattuor
610 1273 751 1360 legiones
769 1282 800 1339 et
817 1295 890 1338 cum
907 1273 1031 1339 duabus
1047 1274 1209 1359 praetoriis
1228 1296 1281 1340 co-

256 1368 397 1434 hortibus
429 1390 466 1433 ac
491 1367 612 1433 delecto
642 1368 746 1451 equite
773 1365 909 1446 Caesam
943 1367 1016 1432 exin
1045 1368 1174 1433 totidem
1200 1369 1280 1433 aliac

256 1464 397 1550 legiones
420 1471 451 1526 et
471 1461 551 1527 levis
573 1469 729 1553 armatura
750 1483 822 1526 cum
840 1462 943 1545 equite
966 1461 1126 1548 sagittario
1144 1471 1281 1527 ceterae-

258 1579 320 1641 que
350 1556 506 1622 sociorum
532 1554 685 1621 cohortes.
720 1555 858 1619 intentus
888 1564 1078 1640 paratusque
1108 1556 1212 1633 miles,
1245 1564 1281 1620 ut

210 1675 238 1720 ιτ
257 1650 334 1719 ordo
352 1649 486 1736 agminis
504 1648 537 1712 in
554 1649 655 1714 aciem
672 1648 845 1713 adsisteret
877 1648 958 1714 visis
977 1647 1210 1714 Cheruscorum
1226 1670 1281 1713 ca

256 1744 367 1821 torvis,
385 1763 466 1826 quae
483 1764 540 1829 per
556 1741 706 1807 ferociam
722 1751 940 1827 proruperant,
963 1741 1173 1815 validissimos
1192 1742 1281 1824 equi-

257 1849 324 1904 tum
350 1837 507 1903 incurrere
528 1836 625 1912 latus,
653 1832 837 1902 Stertinium
859 1857 931 1900 cum
954 1836 1065 1901 ceteris
1087 1836 1198 1900 turmis
1220 1837 1281 1901 cir-

257 1930 419 2017 cumgredi
436 1938 587 2015 tergaque
608 1928 754 1994 invadere
772 1927 873 2006 iubet,
894 1930 963 2014 ipse
980 1929 1014 1994 in
1031 1939 1169 2014 tempore
1188 1930 1281 1994 adfu-

257 2037 354 2090 turus.
381 2024 500 2089 interea
511 2023 754 2108 pulcherrimum
766 2023 942 2108 augurium,
956 2034 1027 2089 octo
1041 2023 1163 2108 aquilae
1172 2032 1281 2108 petere

257 2119 352 2184 silvas
375 2125 407 2182 et
426 2117 541 2181 intrare
563 2116 650 2181 visae
671 2116 890 2201 imperatorem
911 2116 1086 2196 advertere3
1109 2117 1279 2181 exclamat:

256 2213 350 2289 irent,
377 2220 580 2294 sequerentur
597 2209 758 2275 Romanas
776 2232 867 2288 aves,
893 2211 1020 2296 propria
1040 2210 1200 2296 legionum
1222 2234 1281 2276 nu-

256 2305 351 2371 mina.
377 2304 471 2369 simul
487 2303 640 2390 pedestris
658 2303 741 2369 acies
763 2303 895 2369 infertur
917 2314 949 2368 et
969 2305 1160 2389 praemissus
1179 2326 1277 2389 eques

255 2408 430 2485 postremos
448 2421 487 2463 ac
499 2398 596 2463 latera
608 2396 740 2483 impulit,
757 2397 933 2481 mumque
951 2399 1045 2476 dictu,
1065 2398 1128 2462 duo
1141 2397 1280 2463 hostium
1305 2460 1307 2465 .

256 2492 383 2579 agmina
400 2491 523 2557 diversa
540 2490 626 2577 fuga,
645 2490 699 2574 qui
717 2490 829 2556 silvam
847 2499 1019 2568 tenuerant,
1036 2492 1070 2556 in
1090 2501 1206 2576 aperta,
1226 2493 1281 2575 qui

257 2585 375 2672 campis
390 2585 580 2661 adstiterant,
594 2585 627 2649 in
641 2585 752 2649 silvam
764 2583 898 2649 ruebant
903 2609 912 2664 ;
930 2586 1025 2650 medii
1037 2585 1118 2649 inter
1126 2584 1185 2650 hos
1195 2584 1282 2650 Che-

256 2681 342 2745 rusci
359 2679 490 2746 collibus
508 2679 765 2758 detrudebantur3
782 2678 864 2745 inter
881 2702 960 2764 quos
973 2681 1107 2767 insignis
1115 2680 1280 2745 Arminius

256 2797 365 2851 manu,
383 2795 475 2850 voce,
498 2773 641 2851 vulnere,
665 2772 861 2839 sustentabat
873 2796 1018 2860 ‚pugnam
1034 2764 1281 2857 incubueratque

257 2867 435 2953 sagittariis,
452 2865 506 2931 illa
522 2876 680 2951 rupturus,
702 2868 735 2931 ni
752 2867 924 2935 Raetorum
932 2866 1231 2951 Vindelicorumque
1250 2876 1282 2931 et

258 2957 398 3025 Gallicae
415 2959 559 3024 cohortes
582 2961 672 3047 signa
693 2960 896 3040 obiecissent3
923 2962 995 3027 nisu
1017 2970 1122 3027 tamen
1140 2961 1281 3047 corporis

257 3062 288 3119 et
300 3053 420 3139 impetu
428 3054 500 3137 equi
508 3055 655 3140 pervasit,
669 3054 784 3120 oblitus
794 3054 907 3121 faciem
922 3078 979 3120 suo
989 3077 1108 3133 cruore,
1121 3076 1161 3118 ne
1170 3074 1281 3119 nosce-
1314 3084 1317 3093 ·

255 3156 339 3211 retur
344 3171 353 3225 3
380 3147 507 3231 quidam
525 3148 688 3234 adgnitum
705 3173 725 3214 a
743 3148 882 3215 Chaucis
904 3149 985 3213 inter
1001 3149 1118 3214 auxilia
1133 3148 1282 3213 Romana

256 3239 421 3327 agentibus
435 3241 647 3325 emissumque
660 3243 862 3308 tradiderunt.
886 3243 985 3319 virtus
999 3265 1056 3307 seu
1069 3242 1156 3307 fraus
1170 3241 1281 3306 cadem

255 3334 456 3421 Inguiomero
474 3335 626 3422 effugium
639 3335 738 3401 dedit:
757 3337 852 3402 ceteri
863 3337 983 3423 passim
996 3335 1151 3413 trucidati,
1171 3345 1203 3400 et
1213 3334 1281 3421 ple-

254 3450 368 3513 rosque
378 3437 499 3494 tranare
508 3429 669 3516 Visurgim
684 3439 831 3497 conantes
845 3431 960 3496 iniecta
973 3430 1036 3495 tela
1047 3439 1102 3494 aut
1115 3429 1164 3494 vis
1177 3428 1281 3493 fiumi-

255 3523 314 3599 nis,
332 3531 491 3609 postremo
503 3523 602 3599 moles
616 3524 771 3593 ruentium
785 3534 817 3589 et
829 3524 1001 3591 incidentes
1014 3525 1100 3610 ripae
1115 3544 1280 3608 operuere;

255 3616 382 3700 quidam
403 3616 492 3702 turpi
513 3616 591 3703 fuga
611 3617 645 3682 in
667 3640 790 3683 summa
811 3617 958 3703 arborum
982 3618 1043 3682 nisi
1064 3617 1223 3702 ramisque
1246 3637 1280 3682 se

255 3709 446 3787 occultantes
468 3706 601 3777 admotis
624 3710 792 3797 sagittariis
813 3733 870 3798 per
894 3710 1067 3777 ludibrium
1087 3710 1279 3797 figebantur3

255 3802 332 3883 alios
350 3812 495 3888 prorutae
513 3803 639 3871 arbores
657 3804 814 3871 adflixere.
942 3863 945 3867 .

208 3913 237 3961 18
318 3894 440 3982 Magna
455 3920 494 3963 ea
512 3892 640 3980 victoria
656 3921 756 3984 neque
775 3908 903 3964 cruenta
914 3897 1005 3965 nobis
1020 3897 1096 3964 fuit:
1115 3897 1227 3981 quinta
1239 3896 1279 3964 ab

255 3989 333 4053 hora
357 3990 420 4054 diei
446 3990 486 4054 ad
508 4002 631 4059 noctem
652 3993 735 4058 caesi
756 3993 863 4059 hostes
885 3992 995 4058 decem
1017 3991 1105 4056 milia
1125 4012 1280 4076 passuum

257 4082 460 4150 cadaveribus
482 4095 576 4170 atque
598 4080 692 4153 armis
714 4089 893 4173 opplevere,
920 4086 1050 4174 repertis
1072 4086 1154 4150 inter
1179 4083 1279 4170 spolia
