<?xml version="1.0" encoding="UTF-8"?>
<!DOCTYPE html PUBLIC "-//W3C//DTD XHTML 1.0 Transitional//EN"
    "http://www.w3.org/TR/xhtml1/DTD/xhtml1-transitional.dtd">
<html xmlns="http://www.w3.org/1999/xhtml" xml:lang="en" lang="en">
 <head>
  <title>
</title>
<meta http-equiv="Content-Type" content="text/html;charset=utf-8" />
  <meta name='ocr-system' content='tesseract 3.04.00' />
  <meta name='ocr-capabilities' content='ocr_page ocr_carea ocr_par ocr_line ocrx_word'/>
</head>
<body>
  <div class='ocr_page' id='page_1' title='image "./corneliitacitio01haasgoog_0297.png"; bbox 0 0 2760 4874; ppageno 0'>
   <div class='ocr_carea' id='block_1_1' title="bbox 212 414 893 479">
    <p class='ocr_par' dir='ltr' id='par_1_1' title="bbox 212 414 893 479">
     <span class='ocr_line' id='line_1_1' title="bbox 212 414 893 479; baseline -0.001 0"><span class='ocrx_word' id='word_1_1' title='bbox 212 414 277 479; x_wconf 71' lang='lat'>220</span> <span class='ocrx_word' id='word_1_2' title='bbox 555 418 739 479; x_wconf 75' lang='lat' dir='ltr'>CORNELII</span> <span class='ocrx_word' id='word_1_3' title='bbox 757 418 893 477; x_wconf 76' lang='lat' dir='ltr'>&#39;asem</span> 
     </span>
    </p>
   </div>
   <div class='ocr_carea' id='block_1_2' title="bbox 82 516 1343 4235">
    <p class='ocr_par' dir='ltr' id='par_1_2' title="bbox 82 516 1343 4235">
     <span class='ocr_line' id='line_1_2' title="bbox 1144 516 1246 554; baseline 0.029 -2"><span class='ocrx_word' id='word_1_4' title='bbox 1144 516 1246 554; x_wconf 56' lang='lat' dir='ltr'>antet-</span> 
     </span>
     <span class='ocr_line' id='line_1_3' title="bbox 212 576 1246 665; baseline 0 -19"><span class='ocrx_word' id='word_1_5' title='bbox 212 584 293 647; x_wconf 81' lang='lat' dir='ltr'>intra</span> <span class='ocrx_word' id='word_1_6' title='bbox 315 580 449 665; x_wconf 81' lang='lat' dir='ltr'>priorem</span> <span class='ocrx_word' id='word_1_7' title='bbox 475 586 690 663; x_wconf 88' lang='lat' dir='ltr'>paupertatem</span> <span class='ocrx_word' id='word_1_8' title='bbox 712 576 899 645; x_wconf 68' lang='lat' dir='ltr'>subsisteret</span> <span class='ocrx_word' id='word_1_9' title='bbox 927 588 961 644; x_wconf 92' lang='lat' dir='ltr'>et</span> <span class='ocrx_word' id='word_1_10' title='bbox 981 579 1088 645; x_wconf 83' lang='lat' dir='ltr'>fixum</span> <span class='ocrx_word' id='word_1_11' title='bbox 1110 591 1161 645; x_wconf 91' lang='lat' dir='ltr'>est</span> <span class='ocrx_word' id='word_1_12' title='bbox 1181 605 1246 646; x_wconf 90' lang='lat' dir='ltr'>aere</span> 
     </span>
     <span class='ocr_line' id='line_1_4' title="bbox 211 672 1245 761; baseline 0.001 -22"><span class='ocrx_word' id='word_1_13' title='bbox 211 676 338 761; x_wconf 88' lang='lat' dir='ltr'>publico</span> <span class='ocrx_word' id='word_1_14' title='bbox 364 683 491 739; x_wconf 78' lang='lat' dir='ltr'>senatus</span> <span class='ocrx_word' id='word_1_15' title='bbox 523 672 714 751; x_wconf 87' lang='lat' dir='ltr'>consultum,</span> <span class='ocrx_word' id='word_1_16' title='bbox 745 694 809 757; x_wconf 93' lang='lat' dir='ltr'>quo</span> <span class='ocrx_word' id='word_1_17' title='bbox 839 672 1007 739; x_wconf 87' lang='lat' dir='ltr'>libertinus</span> <span class='ocrx_word' id='word_1_18' title='bbox 1042 676 1182 740; x_wconf 79' lang='lat' dir='ltr'>sestertii</span> <span class='ocrx_word' id='word_1_19' title='bbox 1206 687 1245 741; x_wconf 85' lang='lat' dir='ltr'>ter</span> 
     </span>
     <span class='ocr_line' id='line_1_5' title="bbox 211 766 1247 853; baseline 0 -20"><span class='ocrx_word' id='word_1_20' title='bbox 211 769 334 833; x_wconf 86' lang='lat' dir='ltr'>miliens</span> <span class='ocrx_word' id='word_1_21' title='bbox 355 790 519 853; x_wconf 76' lang='lat' dir='ltr'>possessor</span> <span class='ocrx_word' id='word_1_22' title='bbox 539 766 686 850; x_wconf 89' lang='lat' dir='ltr'>antiquae</span> <span class='ocrx_word' id='word_1_23' title='bbox 702 766 912 853; x_wconf 71' lang='lat' dir='ltr'>parsimoniae</span> <span class='ocrx_word' id='word_1_24' title='bbox 932 768 1089 836; x_wconf 75' lang='lat' dir='ltr'>laudibus</span> <span class='ocrx_word' id='word_1_25' title='bbox 1111 771 1247 835; x_wconf 83' lang='lat' dir='ltr'>cumula·</span> 
     </span>
     <span class='ocr_line' id='line_1_6' title="bbox 211 862 312 927; baseline 0 0"><span class='ocrx_word' id='word_1_26' title='bbox 211 862 312 927; x_wconf 89' lang='lat' dir='ltr'>batur.</span> 
     </span>
     <span class='ocr_line' id='line_1_7' title="bbox 160 954 1246 1041; baseline -0.002 -18"><span class='ocrx_word' id='word_1_27' title='bbox 160 978 192 1023; x_wconf 80' lang='lat' dir='ltr'>ss</span> <span class='ocrx_word' id='word_1_28' title='bbox 274 956 321 1020; x_wconf 77' lang='lat' dir='ltr'>At</span> <span class='ocrx_word' id='word_1_29' title='bbox 341 979 404 1019; x_wconf 90' lang='lat' dir='ltr'>non</span> <span class='ocrx_word' id='word_1_30' title='bbox 427 954 522 1019; x_wconf 89' lang='lat' dir='ltr'>sratcr</span> <span class='ocrx_word' id='word_1_31' title='bbox 542 954 626 1031; x_wconf 89' lang='lat' dir='ltr'>eins,</span> <span class='ocrx_word' id='word_1_32' title='bbox 648 962 857 1041; x_wconf 87' lang='lat' dir='ltr'>cognomento</span> <span class='ocrx_word' id='word_1_33' title='bbox 878 954 987 1033; x_wconf 85' lang='lat' dir='ltr'>Felix,</span> <span class='ocrx_word' id='word_1_34' title='bbox 1011 957 1087 1041; x_wconf 89' lang='lat' dir='ltr'>pari</span> <span class='ocrx_word' id='word_1_35' title='bbox 1108 957 1246 1022; x_wconf 85' lang='lat' dir='ltr'>modera-</span> 
     </span>
     <span class='ocr_line' id='line_1_8' title="bbox 210 1048 1246 1134; baseline 0.001 -21"><span class='ocrx_word' id='word_1_36' title='bbox 210 1050 293 1115; x_wconf 86' lang='lat' dir='ltr'>tione</span> <span class='ocrx_word' id='word_1_37' title='bbox 306 1048 429 1133; x_wconf 84' lang='lat' dir='ltr'>agolmt,</span> <span class='ocrx_word' id='word_1_38' title='bbox 449 1048 511 1111; x_wconf 88' lang='lat' dir='ltr'>iam</span> <span class='ocrx_word' id='word_1_39' title='bbox 529 1049 649 1133; x_wconf 82' lang='lat' dir='ltr'>pridem</span> <span class='ocrx_word' id='word_1_40' title='bbox 662 1048 798 1113; x_wconf 87' lang='lat' dir='ltr'>Iudaeae</span> <span class='ocrx_word' id='word_1_41' title='bbox 810 1048 980 1134; x_wconf 89' lang='lat' dir='ltr'>impositus</span> <span class='ocrx_word' id='word_1_42' title='bbox 997 1060 1034 1114; x_wconf 90' lang='lat' dir='ltr'>et</span> <span class='ocrx_word' id='word_1_43' title='bbox 1052 1061 1170 1115; x_wconf 89' lang='lat' dir='ltr'>cuneta</span> <span class='ocrx_word' id='word_1_44' title='bbox 1186 1074 1246 1114; x_wconf 84' lang='lat' dir='ltr'>me-</span> 
     </span>
     <span class='ocr_line' id='line_1_9' title="bbox 208 1141 1330 1235; baseline 0.002 -27"><span class='ocrx_word' id='word_1_45' title='bbox 208 1143 323 1208; x_wconf 81' lang='lat' dir='ltr'>letaeta</span> <span class='ocrx_word' id='word_1_46' title='bbox 335 1142 394 1205; x_wconf 82' lang='lat' dir='ltr'>sibi</span> <span class='ocrx_word' id='word_1_47' title='bbox 408 1143 523 1227; x_wconf 88' lang='lat' dir='ltr'>inpone</span> <span class='ocrx_word' id='word_1_48' title='bbox 536 1153 622 1206; x_wconf 84' lang='lat' dir='ltr'>ratus</span> <span class='ocrx_word' id='word_1_49' title='bbox 637 1152 724 1207; x_wconf 89' lang='lat' dir='ltr'>tanta</span> <span class='ocrx_word' id='word_1_50' title='bbox 735 1142 876 1227; x_wconf 86' lang='lat' dir='ltr'>potentia</span> <span class='ocrx_word' id='word_1_51' title='bbox 888 1141 1040 1209; x_wconf 86' lang='lat' dir='ltr'>subnixo.</span> <span class='ocrx_word' id='word_1_52' title='bbox 1066 1167 1146 1209; x_wconf 85' lang='lat' dir='ltr'>sane</span> <span class='ocrx_word' id='word_1_53' title='bbox 1162 1167 1245 1230; x_wconf 90' lang='lat' dir='ltr'>prae-</span> <span class='ocrx_word' id='word_1_54' title='bbox 1327 1230 1330 1235; x_wconf 27' lang='grc' dir='ltr'>Ι</span> 
     </span>
     <span class='ocr_line' id='line_1_10' title="bbox 208 1236 1245 1324; baseline 0.004 -25"><span class='ocrx_word' id='word_1_55' title='bbox 208 1236 340 1301; x_wconf 85' lang='lat' dir='ltr'>buerant</span> <span class='ocrx_word' id='word_1_56' title='bbox 360 1236 471 1300; x_wconf 85' lang='lat' dir='ltr'>Iudaei</span> <span class='ocrx_word' id='word_1_57' title='bbox 493 1236 631 1321; x_wconf 87' lang='lat' dir='ltr'>speciem</span> <span class='ocrx_word' id='word_1_58' title='bbox 657 1246 761 1301; x_wconf 89' lang='lat' dir='ltr'>motus</span> <span class='ocrx_word' id='word_1_59' title='bbox 783 1246 852 1302; x_wconf 87' lang='lat' dir='ltr'>orta</span> <span class='ocrx_word' id='word_1_60' title='bbox 878 1236 1052 1316; x_wconf 87' lang='lat' dir='ltr'>seditione,</span> <span class='ocrx_word' id='word_1_61' title='bbox 1080 1248 1245 1324; x_wconf 89' lang='lat' dir='ltr'>postquam</span> 
     </span>
     <span class='ocr_line' id='line_1_11' title="bbox 210 1328 1246 1417; baseline 0.005 -24"><span class='ocrx_word' id='word_1_62' title='bbox 210 1328 245 1415; x_wconf 93' lang='lat' dir='ltr'>[a</span> <span class='ocrx_word' id='word_1_63' title='bbox 265 1332 298 1395; x_wconf 79' lang='lat' dir='ltr'>C.</span> <span class='ocrx_word' id='word_1_64' title='bbox 320 1332 446 1395; x_wconf 77' lang='lat' dir='ltr'>Caesare</span> <span class='ocrx_word' id='word_1_65' title='bbox 463 1332 539 1393; x_wconf 78' lang='lat' dir='ltr'>irari</span> <span class='ocrx_word' id='word_1_66' title='bbox 555 1342 641 1393; x_wconf 88' lang='lat' dir='ltr'>eraat</span> <span class='ocrx_word' id='word_1_67' title='bbox 663 1330 794 1415; x_wconf 70' lang='lat' dir='ltr'>effipiem</span> <span class='ocrx_word' id='word_1_68' title='bbox 810 1332 874 1395; x_wconf 80' lang='lat' dir='ltr'>eius</span> <span class='ocrx_word' id='word_1_69' title='bbox 891 1333 925 1395; x_wconf 83' lang='lat' dir='ltr'>in</span> <span class='ocrx_word' id='word_1_70' title='bbox 948 1334 1067 1417; x_wconf 83' lang='lat' dir='ltr'>templo</span> <span class='ocrx_word' id='word_1_71' title='bbox 1087 1334 1203 1408; x_wconf 69' lang='lat' dir='ltr'>locam</span> <span class='ocrx_word' id='word_1_72' title='bbox 1221 1346 1246 1398; x_wconf 81' lang='lat' dir='ltr'>et</span> 
     </span>
     <span class='ocr_line' id='line_1_12' title="bbox 208 1420 1243 1511; baseline 0.007 -26"><span class='ocrx_word' id='word_1_73' title='bbox 208 1420 407 1509; x_wconf 82' lang='lat' dir='ltr'>qrarmqaara]</span> <span class='ocrx_word' id='word_1_74' title='bbox 427 1423 552 1509; x_wconf 89' lang='lat' dir='ltr'>cognita</span> <span class='ocrx_word' id='word_1_75' title='bbox 569 1423 665 1487; x_wconf 86' lang='lat' dir='ltr'>caede</span> <span class='ocrx_word' id='word_1_76' title='bbox 683 1424 751 1488; x_wconf 90' lang='lat' dir='ltr'>eius</span> <span class='ocrx_word' id='word_1_77' title='bbox 769 1422 855 1488; x_wconf 89' lang='lat' dir='ltr'>baud</span> <span class='ocrx_word' id='word_1_78' title='bbox 876 1422 1141 1511; x_wconf 80' lang='lat' dir='ltr'>obtemperatum</span> <span class='ocrx_word' id='word_1_79' title='bbox 1158 1438 1243 1504; x_wconf 90' lang='lat' dir='ltr'>esset,</span> 
     </span>
     <span class='ocr_line' id='line_1_13' title="bbox 207 1517 1244 1604; baseline 0.005 -23"><span class='ocrx_word' id='word_1_80' title='bbox 207 1517 354 1581; x_wconf 85' lang='lat' dir='ltr'>manabat</span> <span class='ocrx_word' id='word_1_81' title='bbox 371 1526 473 1581; x_wconf 89' lang='lat' dir='ltr'>metus</span> <span class='ocrx_word' id='word_1_82' title='bbox 491 1518 620 1601; x_wconf 89' lang='lat' dir='ltr'>nequis</span> <span class='ocrx_word' id='word_1_83' title='bbox 642 1518 817 1603; x_wconf 87' lang='lat' dir='ltr'>principum</span> <span class='ocrx_word' id='word_1_84' title='bbox 835 1518 946 1582; x_wconf 90' lang='lat' dir='ltr'>eadem</span> <span class='ocrx_word' id='word_1_85' title='bbox 964 1518 1178 1604; x_wconf 79' lang='lat' dir='ltr'>imperitaret.</span> <span class='ocrx_word' id='word_1_86' title='bbox 1203 1532 1244 1586; x_wconf 86' lang='lat' dir='ltr'>at-</span> 
     </span>
     <span class='ocr_line' id='line_1_14' title="bbox 207 1610 1244 1695; baseline 0.005 -22"><span class='ocrx_word' id='word_1_87' title='bbox 207 1634 269 1693; x_wconf 90' lang='lat' dir='ltr'>que</span> <span class='ocrx_word' id='word_1_88' title='bbox 283 1612 404 1675; x_wconf 89' lang='lat' dir='ltr'>interim</span> <span class='ocrx_word' id='word_1_89' title='bbox 418 1610 508 1675; x_wconf 81' lang='lat' dir='ltr'>Felix</span> <span class='ocrx_word' id='word_1_90' title='bbox 521 1611 748 1695; x_wconf 84' lang='lat' dir='ltr'>intempestivis</span> <span class='ocrx_word' id='word_1_91' title='bbox 761 1612 906 1677; x_wconf 87' lang='lat' dir='ltr'>remediis</span> <span class='ocrx_word' id='word_1_92' title='bbox 919 1611 1041 1679; x_wconf 87' lang='lat' dir='ltr'>delicta</span> <span class='ocrx_word' id='word_1_93' title='bbox 1055 1614 1244 1680; x_wconf 86' lang='lat' dir='ltr'>accendebat</span> 
     </span>
     <span class='ocr_line' id='line_1_15' title="bbox 207 1703 1333 1797; baseline 0.004 -28"><span class='ocrx_word' id='word_1_94' title='bbox 207 1703 331 1769; x_wconf 89' lang='lat' dir='ltr'>acrmdo</span> <span class='ocrx_word' id='word_1_95' title='bbox 353 1704 394 1767; x_wconf 85' lang='lat' dir='ltr'>ad</span> <span class='ocrx_word' id='word_1_96' title='bbox 415 1705 582 1769; x_wconf 87' lang='lat' dir='ltr'>deterrima</span> <span class='ocrx_word' id='word_1_97' title='bbox 599 1704 747 1770; x_wconf 78' lang='lat' dir='ltr'>Ventidio</span> <span class='ocrx_word' id='word_1_98' title='bbox 766 1704 924 1784; x_wconf 86' lang='lat' dir='ltr'>Cumano,</span> <span class='ocrx_word' id='word_1_99' title='bbox 947 1707 1002 1772; x_wconf 88' lang='lat' dir='ltr'>cui</span> <span class='ocrx_word' id='word_1_100' title='bbox 1023 1730 1106 1793; x_wconf 89' lang='lat' dir='ltr'>pars</span> <span class='ocrx_word' id='word_1_101' title='bbox 1123 1709 1244 1797; x_wconf 77' lang='lat' dir='ltr'>prorin·</span> <span class='ocrx_word' id='word_1_102' title='bbox 1327 1712 1333 1759; x_wconf 78' lang='lat' dir='ltr'>l</span> 
     </span>
     <span class='ocr_line' id='line_1_16' title="bbox 207 1796 1243 1881; baseline 0.008 -20"><span class='ocrx_word' id='word_1_103' title='bbox 207 1798 273 1861; x_wconf 86' lang='lat' dir='ltr'>eine</span> <span class='ocrx_word' id='word_1_104' title='bbox 291 1796 478 1876; x_wconf 87' lang='lat' dir='ltr'>habebatur,</span> <span class='ocrx_word' id='word_1_105' title='bbox 497 1799 541 1864; x_wconf 92' lang='lat' dir='ltr'>ita</span> <span class='ocrx_word' id='word_1_106' title='bbox 557 1799 667 1864; x_wconf 80' lang='lat' dir='ltr'>divisis</span> <span class='ocrx_word' id='word_1_107' title='bbox 686 1809 720 1864; x_wconf 92' lang='lat' dir='ltr'>ut</span> <span class='ocrx_word' id='word_1_108' title='bbox 738 1800 813 1866; x_wconf 88' lang='lat' dir='ltr'>buie</span> <span class='ocrx_word' id='word_1_109' title='bbox 831 1798 1053 1866; x_wconf 80' lang='lat' dir='ltr'>Galilaeorum</span> <span class='ocrx_word' id='word_1_110' title='bbox 1071 1804 1172 1881; x_wconf 89' lang='lat' dir='ltr'>natio,</span> <span class='ocrx_word' id='word_1_111' title='bbox 1189 1804 1243 1869; x_wconf 85' lang='lat' dir='ltr'>Fe-</span> 
     </span>
     <span class='ocr_line' id='line_1_17' title="bbox 207 1890 1242 1983; baseline 0.005 -28"><span class='ocrx_word' id='word_1_112' title='bbox 207 1890 258 1955; x_wconf 90' lang='lat' dir='ltr'>lici</span> <span class='ocrx_word' id='word_1_113' title='bbox 277 1890 451 1957; x_wconf 87' lang='lat' dir='ltr'>Samaritae</span> <span class='ocrx_word' id='word_1_114' title='bbox 469 1903 627 1977; x_wconf 87' lang='lat' dir='ltr'>parerent,</span> <span class='ocrx_word' id='word_1_115' title='bbox 650 1893 810 1958; x_wconf 87' lang='lat' dir='ltr'>discordes</span> <span class='ocrx_word' id='word_1_116' title='bbox 828 1893 902 1958; x_wconf 93' lang='lat' dir='ltr'>olim</span> <span class='ocrx_word' id='word_1_117' title='bbox 921 1903 953 1959; x_wconf 91' lang='lat' dir='ltr'>et</span> <span class='ocrx_word' id='word_1_118' title='bbox 971 1904 1044 1959; x_wconf 91' lang='lat' dir='ltr'>tum</span> <span class='ocrx_word' id='word_1_119' title='bbox 1063 1907 1242 1983; x_wconf 90' lang='lat' dir='ltr'>contemptu</span> 
     </span>
     <span class='ocr_line' id='line_1_18' title="bbox 206 1982 1330 2075; baseline 0.004 -22"><span class='ocrx_word' id='word_1_120' title='bbox 206 1988 382 2073; x_wconf 83' lang='lat' dir='ltr'>regentium</span> <span class='ocrx_word' id='word_1_121' title='bbox 408 1988 510 2052; x_wconf 89' lang='lat' dir='ltr'>miuus</span> <span class='ocrx_word' id='word_1_122' title='bbox 538 1989 680 2053; x_wconf 84' lang='lat' dir='ltr'>coercitis</span> <span class='ocrx_word' id='word_1_123' title='bbox 702 1990 797 2066; x_wconf 86' lang='lat' dir='ltr'>odiis3</span> <span class='ocrx_word' id='word_1_124' title='bbox 823 1989 919 2075; x_wconf 86' lang='lat' dir='ltr'>igitur</span> <span class='ocrx_word' id='word_1_125' title='bbox 943 2000 1077 2075; x_wconf 87' lang='lat' dir='ltr'>raptare</span> <span class='ocrx_word' id='word_1_126' title='bbox 1100 1993 1184 2058; x_wconf 89' lang='lat' dir='ltr'>inter</span> <span class='ocrx_word' id='word_1_127' title='bbox 1202 2014 1241 2069; x_wconf 91' lang='lat' dir='ltr'>se,</span> <span class='ocrx_word' id='word_1_128' title='bbox 1327 1982 1330 1991; x_wconf 48' lang='lat'><strong>¹</strong></span> 
     </span>
     <span class='ocr_line' id='line_1_19' title="bbox 206 2081 1242 2171; baseline 0.006 -26"><span class='ocrx_word' id='word_1_129' title='bbox 206 2082 371 2147; x_wconf 87' lang='lat' dir='ltr'>immittere</span> <span class='ocrx_word' id='word_1_130' title='bbox 386 2082 539 2146; x_wconf 86' lang='lat' dir='ltr'>latronum</span> <span class='ocrx_word' id='word_1_131' title='bbox 548 2081 671 2167; x_wconf 78' lang='lat' dir='ltr'>globos,</span> <span class='ocrx_word' id='word_1_132' title='bbox 685 2104 871 2169; x_wconf 89' lang='lat' dir='ltr'>componere</span> <span class='ocrx_word' id='word_1_133' title='bbox 884 2083 1019 2149; x_wconf 89' lang='lat' dir='ltr'>insidias</span> <span class='ocrx_word' id='word_1_134' title='bbox 1028 2094 1064 2150; x_wconf 90' lang='lat' dir='ltr'>et</span> <span class='ocrx_word' id='word_1_135' title='bbox 1077 2086 1242 2171; x_wconf 89' lang='lat' dir='ltr'>aliquando</span> 
     </span>
     <span class='ocr_line' id='line_1_20' title="bbox 206 2176 1242 2263; baseline 0.006 -24"><span class='ocrx_word' id='word_1_136' title='bbox 206 2176 331 2261; x_wconf 85' lang='lat' dir='ltr'>procliis</span> <span class='ocrx_word' id='word_1_137' title='bbox 350 2176 507 2263; x_wconf 83' lang='lat' dir='ltr'>congredi,</span> <span class='ocrx_word' id='word_1_138' title='bbox 527 2176 688 2261; x_wconf 80' lang='lat' dir='ltr'>spoliaque</span> <span class='ocrx_word' id='word_1_139' title='bbox 705 2186 737 2241; x_wconf 91' lang='lat' dir='ltr'>et</span> <span class='ocrx_word' id='word_1_140' title='bbox 750 2177 882 2263; x_wconf 87' lang='lat' dir='ltr'>praedas</span> <span class='ocrx_word' id='word_1_141' title='bbox 899 2178 941 2242; x_wconf 88' lang='lat' dir='ltr'>ad</span> <span class='ocrx_word' id='word_1_142' title='bbox 955 2190 1184 2263; x_wconf 84' lang='lat' dir='ltr'>procuratores</span> <span class='ocrx_word' id='word_1_143' title='bbox 1199 2202 1242 2245; x_wconf 89' lang='lat' dir='ltr'>re-</span> 
     </span>
     <span class='ocr_line' id='line_1_21' title="bbox 206 2270 1242 2357; baseline 0.005 -22"><span class='ocrx_word' id='word_1_144' title='bbox 206 2272 302 2348; x_wconf 88' lang='lat' dir='ltr'>t&#39;erre;</span> <span class='ocrx_word' id='word_1_145' title='bbox 316 2270 410 2353; x_wconf 81' lang='lat' dir='ltr'>bicpre</span> <span class='ocrx_word' id='word_1_146' title='bbox 423 2270 524 2355; x_wconf 90' lang='lat' dir='ltr'>primo</span> <span class='ocrx_word' id='word_1_147' title='bbox 536 2270 659 2348; x_wconf 85' lang='lat' dir='ltr'>lactari3</span> <span class='ocrx_word' id='word_1_148' title='bbox 674 2293 748 2336; x_wconf 86' lang='lat' dir='ltr'>mox</span> <span class='ocrx_word' id='word_1_149' title='bbox 760 2270 910 2357; x_wconf 87' lang='lat' dir='ltr'>gliscente</span> <span class='ocrx_word' id='word_1_150' title='bbox 919 2272 1064 2355; x_wconf 88' lang='lat' dir='ltr'>pernicie</span> <span class='ocrx_word' id='word_1_151' title='bbox 1079 2296 1242 2339; x_wconf 75' lang='lat' dir='ltr'>cummma</span> 
     </span>
     <span class='ocr_line' id='line_1_22' title="bbox 206 2364 1242 2455; baseline 0.006 -28"><span class='ocrx_word' id='word_1_152' title='bbox 206 2364 340 2428; x_wconf 89' lang='lat' dir='ltr'>militnm</span> <span class='ocrx_word' id='word_1_153' title='bbox 358 2364 593 2442; x_wconf 86' lang='lat' dir='ltr'>interiecissent,</span> <span class='ocrx_word' id='word_1_154' title='bbox 612 2366 696 2430; x_wconf 88' lang='lat' dir='ltr'>eaesi</span> <span class='ocrx_word' id='word_1_155' title='bbox 710 2366 837 2431; x_wconf 77' lang='lat' dir='ltr'>militesz</span> <span class='ocrx_word' id='word_1_156' title='bbox 856 2366 1051 2450; x_wconf 81' lang='lat' dir='ltr'>arsissetque</span> <span class='ocrx_word' id='word_1_157' title='bbox 1071 2367 1160 2435; x_wconf 91' lang='lat' dir='ltr'>bello</span> <span class='ocrx_word' id='word_1_158' title='bbox 1176 2390 1242 2455; x_wconf 88' lang='lat' dir='ltr'>pro·</span> 
     </span>
     <span class='ocr_line' id='line_1_23' title="bbox 205 2457 1241 2543; baseline 0.005 -23"><span class='ocrx_word' id='word_1_159' title='bbox 205 2458 321 2533; x_wconf 78' lang='lat' dir='ltr'>vincia,</span> <span class='ocrx_word' id='word_1_160' title='bbox 341 2458 371 2521; x_wconf 90' lang='lat' dir='ltr'>ni</span> <span class='ocrx_word' id='word_1_161' title='bbox 392 2458 587 2540; x_wconf 72' lang='lat' dir='ltr'>Quadratus,</span> <span class='ocrx_word' id='word_1_162' title='bbox 609 2457 720 2543; x_wconf 59' lang='lat' dir='ltr'>Syriae</span> <span class='ocrx_word' id='word_1_163' title='bbox 737 2470 852 2536; x_wconf 88' lang='lat' dir='ltr'>rector,</span> <span class='ocrx_word' id='word_1_164' title='bbox 872 2459 1089 2527; x_wconf 86' lang='lat' dir='ltr'>subvenisset.</span> <span class='ocrx_word' id='word_1_165' title='bbox 1114 2484 1176 2528; x_wconf 85' lang='lat' dir='ltr'>nec</span> <span class='ocrx_word' id='word_1_166' title='bbox 1191 2462 1241 2527; x_wconf 93' lang='lat' dir='ltr'>din</span> 
     </span>
     <span class='ocr_line' id='line_1_24' title="bbox 206 2552 1240 2641; baseline 0.005 -26"><span class='ocrx_word' id='word_1_167' title='bbox 206 2553 356 2616; x_wconf 84' lang='lat' dir='ltr'>adversus</span> <span class='ocrx_word' id='word_1_168' title='bbox 374 2552 525 2629; x_wconf 86' lang='lat' dir='ltr'>Imlaeos,</span> <span class='ocrx_word' id='word_1_169' title='bbox 544 2554 597 2636; x_wconf 91' lang='lat' dir='ltr'>qui</span> <span class='ocrx_word' id='word_1_170' title='bbox 615 2553 647 2617; x_wconf 91' lang='lat' dir='ltr'>in</span> <span class='ocrx_word' id='word_1_171' title='bbox 664 2576 774 2618; x_wconf 91' lang='lat' dir='ltr'>necem</span> <span class='ocrx_word' id='word_1_172' title='bbox 792 2554 925 2617; x_wconf 92' lang='lat' dir='ltr'>militum</span> <span class='ocrx_word' id='word_1_173' title='bbox 942 2568 1170 2641; x_wconf 87' lang='lat' dir='ltr'>proruperant,</span> <span class='ocrx_word' id='word_1_174' title='bbox 1188 2558 1240 2621; x_wconf 88' lang='lat' dir='ltr'>dn-</span> 
     </span>
     <span class='ocr_line' id='line_1_25' title="bbox 206 2645 1239 2731; baseline 0.005 -21"><span class='ocrx_word' id='word_1_175' title='bbox 206 2645 338 2710; x_wconf 91' lang='lat' dir='ltr'>bitatnm</span> <span class='ocrx_word' id='word_1_176' title='bbox 351 2647 427 2729; x_wconf 87' lang='lat' dir='ltr'>quin</span> <span class='ocrx_word' id='word_1_177' title='bbox 440 2647 540 2731; x_wconf 89' lang='lat' dir='ltr'>capite</span> <span class='ocrx_word' id='word_1_178' title='bbox 554 2670 671 2731; x_wconf 86' lang='lat' dir='ltr'>poenas</span> <span class='ocrx_word' id='word_1_179' title='bbox 685 2648 819 2712; x_wconf 90' lang='lat' dir='ltr'>luerent:</span> <span class='ocrx_word' id='word_1_180' title='bbox 835 2647 1000 2713; x_wconf 83' lang='lat' dir='ltr'>Cumanus</span> <span class='ocrx_word' id='word_1_181' title='bbox 1016 2659 1050 2713; x_wconf 89' lang='lat' dir='ltr'>ct</span> <span class='ocrx_word' id='word_1_182' title='bbox 1057 2651 1157 2716; x_wconf 83' lang='lat' dir='ltr'>Felix</span> <span class='ocrx_word' id='word_1_183' title='bbox 1171 2675 1239 2717; x_wconf 90' lang='lat' dir='ltr'>eun-</span> 
     </span>
     <span class='ocr_line' id='line_1_26' title="bbox 206 2739 1239 2823; baseline 0.006 -21"><span class='ocrx_word' id='word_1_184' title='bbox 206 2739 373 2803; x_wconf 86' lang='lat' dir='ltr'>otationem</span> <span class='ocrx_word' id='word_1_185' title='bbox 390 2740 582 2817; x_wconf 79' lang='lat' dir='ltr'>adserebant,</span> <span class='ocrx_word' id='word_1_186' title='bbox 601 2742 675 2823; x_wconf 74' lang='lat' dir='ltr'>&lt;pria</span> <span class='ocrx_word' id='word_1_187' title='bbox 689 2740 841 2806; x_wconf 84' lang='lat' dir='ltr'>Claudius</span> <span class='ocrx_word' id='word_1_188' title='bbox 859 2742 963 2807; x_wconf 90' lang='lat' dir='ltr'>causis</span> <span class='ocrx_word' id='word_1_189' title='bbox 980 2743 1171 2811; x_wconf 87' lang='lat' dir='ltr'>rebellionis</span> <span class='ocrx_word' id='word_1_190' title='bbox 1189 2769 1239 2810; x_wconf 88' lang='lat' dir='ltr'>an·</span> 
     </span>
     <span class='ocr_line' id='line_1_27' title="bbox 205 2832 1239 2919; baseline 0.007 -24"><span class='ocrx_word' id='word_1_191' title='bbox 205 2832 278 2896; x_wconf 90' lang='lat' dir='ltr'>ditis</span> <span class='ocrx_word' id='word_1_192' title='bbox 304 2833 353 2897; x_wconf 86' lang='lat' dir='ltr'>ius</span> <span class='ocrx_word' id='word_1_193' title='bbox 377 2834 534 2897; x_wconf 85' lang='lat' dir='ltr'>statuendi</span> <span class='ocrx_word' id='word_1_194' title='bbox 556 2835 649 2897; x_wconf 84' lang='lat' dir='ltr'>ctiam</span> <span class='ocrx_word' id='word_1_195' title='bbox 672 2836 711 2898; x_wconf 90' lang='lat' dir='ltr'>de</span> <span class='ocrx_word' id='word_1_196' title='bbox 733 2835 985 2919; x_wconf 85' lang='lat' dir='ltr'>procuratoribus</span> <span class='ocrx_word' id='word_1_197' title='bbox 1010 2837 1162 2918; x_wconf 88' lang='lat' dir='ltr'>dederat3</span> <span class='ocrx_word' id='word_1_198' title='bbox 1188 2839 1239 2904; x_wconf 89' lang='lat' dir='ltr'>sed</span> 
     </span>
     <span class='ocr_line' id='line_1_28' title="bbox 206 2926 1239 3018; baseline 0.007 -28"><span class='ocrx_word' id='word_1_199' title='bbox 206 2926 386 3008; x_wconf 83' lang='lat' dir='ltr'>Quadratus</span> <span class='ocrx_word' id='word_1_200' title='bbox 407 2926 547 2991; x_wconf 83' lang='lat' dir='ltr'>Felicem</span> <span class='ocrx_word' id='word_1_201' title='bbox 568 2928 649 2991; x_wconf 89' lang='lat' dir='ltr'>inter</span> <span class='ocrx_word' id='word_1_202' title='bbox 670 2927 788 2993; x_wconf 89' lang='lat' dir='ltr'>iudices</span> <span class='ocrx_word' id='word_1_203' title='bbox 811 2929 992 3005; x_wconf 88' lang='lat' dir='ltr'>ostentavit,</span> <span class='ocrx_word' id='word_1_204' title='bbox 1020 2933 1239 3018; x_wconf 90' lang='lat' dir='ltr'>receptumin</span> 
     </span>
     <span class='ocr_line' id='line_1_29' title="bbox 204 3020 1239 3102; baseline 0.007 -19"><span class='ocrx_word' id='word_1_205' title='bbox 204 3020 348 3096; x_wconf 86' lang='lat' dir='ltr'>tribunal,</span> <span class='ocrx_word' id='word_1_206' title='bbox 368 3042 430 3102; x_wconf 92' lang='lat' dir='ltr'>quo</span> <span class='ocrx_word' id='word_1_207' title='bbox 449 3021 553 3084; x_wconf 90' lang='lat' dir='ltr'>studia</span> <span class='ocrx_word' id='word_1_208' title='bbox 566 3022 781 3084; x_wconf 88' lang='lat' dir='ltr'>accusantium</span> <span class='ocrx_word' id='word_1_209' title='bbox 793 3022 1037 3101; x_wconf 92' lang='lat' dir='ltr'>deterrerentur;</span> <span class='ocrx_word' id='word_1_210' title='bbox 1056 3025 1239 3091; x_wconf 86' lang='lat' dir='ltr'>damnatus·</span> 
     </span>
     <span class='ocr_line' id='line_1_30' title="bbox 203 3113 1237 3204; baseline 0.002 -24"><span class='ocrx_word' id='word_1_211' title='bbox 203 3135 265 3197; x_wconf 89' lang='lat' dir='ltr'>que</span> <span class='ocrx_word' id='word_1_212' title='bbox 287 3113 476 3198; x_wconf 86' lang='lat' dir='ltr'>flagitiorum</span> <span class='ocrx_word' id='word_1_213' title='bbox 498 3136 579 3197; x_wconf 91' lang='lat' dir='ltr'>quae</span> <span class='ocrx_word' id='word_1_214' title='bbox 597 3115 659 3178; x_wconf 92' lang='lat' dir='ltr'>duo</span> <span class='ocrx_word' id='word_1_215' title='bbox 682 3114 874 3198; x_wconf 85' lang='lat' dir='ltr'>deliquerant</span> <span class='ocrx_word' id='word_1_216' title='bbox 892 3113 1074 3196; x_wconf 84' lang='lat' dir='ltr'>Cumanus,</span> <span class='ocrx_word' id='word_1_217' title='bbox 1101 3129 1135 3184; x_wconf 91' lang='lat' dir='ltr'>et</span> <span class='ocrx_word' id='word_1_218' title='bbox 1153 3121 1237 3204; x_wconf 89' lang='lat' dir='ltr'>quies</span> 
     </span>
     <span class='ocr_line' id='line_1_31' title="bbox 202 3207 529 3293; baseline 0 -22"><span class='ocrx_word' id='word_1_219' title='bbox 202 3208 381 3293; x_wconf 79' lang='lat' dir='ltr'>provinciae</span> <span class='ocrx_word' id='word_1_220' title='bbox 399 3207 529 3271; x_wconf 91' lang='lat' dir='ltr'>reddita.</span> 
     </span>
     <span class='ocr_line' id='line_1_32' title="bbox 152 3301 1340 3393; baseline 0.003 -23"><span class='ocrx_word' id='word_1_221' title='bbox 152 3322 186 3370; x_wconf 76' lang='lat' dir='ltr'>aa</span> <span class='ocrx_word' id='word_1_222' title='bbox 267 3301 334 3367; x_wconf 89' lang='lat' dir='ltr'>Nee</span> <span class='ocrx_word' id='word_1_223' title='bbox 359 3301 458 3366; x_wconf 90' lang='lat' dir='ltr'>multo</span> <span class='ocrx_word' id='word_1_224' title='bbox 484 3312 556 3386; x_wconf 92' lang='lat' dir='ltr'>post</span> <span class='ocrx_word' id='word_1_225' title='bbox 578 3303 748 3389; x_wconf 85' lang='lat' dir='ltr'>agrestium</span> <span class='ocrx_word' id='word_1_226' title='bbox 772 3303 906 3369; x_wconf 87' lang='lat' dir='ltr'>Cilicum</span> <span class='ocrx_word' id='word_1_227' title='bbox 932 3305 1093 3385; x_wconf 88' lang='lat' dir='ltr'>nationes,</span> <span class='ocrx_word' id='word_1_228' title='bbox 1124 3309 1236 3393; x_wconf 90' lang='lat' dir='ltr'>quibus</span> <span class='ocrx_word' id='word_1_229' title='bbox 1335 3304 1340 3361; x_wconf 76' lang='grc' dir='ltr'><strong>ἶ</strong></span> 
     </span>
     <span class='ocr_line' id='line_1_33' title="bbox 205 3396 1236 3483; baseline 0.005 -22"><span class='ocrx_word' id='word_1_230' title='bbox 205 3396 358 3462; x_wconf 88' lang='lat' dir='ltr'>Clitarum</span> <span class='ocrx_word' id='word_1_231' title='bbox 385 3406 641 3483; x_wconf 85' lang='lat' dir='ltr'>cognomentum,</span> <span class='ocrx_word' id='word_1_232' title='bbox 669 3421 763 3483; x_wconf 88' lang='lat' dir='ltr'>saepe</span> <span class='ocrx_word' id='word_1_233' title='bbox 785 3409 817 3464; x_wconf 90' lang='lat' dir='ltr'>et</span> <span class='ocrx_word' id='word_1_234' title='bbox 838 3399 915 3463; x_wconf 86' lang='lat' dir='ltr'>alias</span> <span class='ocrx_word' id='word_1_235' title='bbox 941 3411 1137 3482; x_wconf 86' lang='lat' dir='ltr'>commotae,</span> <span class='ocrx_word' id='word_1_236' title='bbox 1166 3413 1236 3468; x_wconf 89' lang='lat' dir='ltr'>tuno</span> 
     </span>
     <span class='ocr_line' id='line_1_34' title="bbox 203 3491 1235 3579; baseline 0.006 -24"><span class='ocrx_word' id='word_1_237' title='bbox 203 3491 387 3557; x_wconf 84' lang='lat' dir='ltr'>Troxobore</span> <span class='ocrx_word' id='word_1_238' title='bbox 406 3491 486 3555; x_wconf 87' lang='lat' dir='ltr'>dncc</span> <span class='ocrx_word' id='word_1_239' title='bbox 503 3502 625 3555; x_wconf 89' lang='lat' dir='ltr'>montes</span> <span class='ocrx_word' id='word_1_240' title='bbox 644 3514 772 3576; x_wconf 87' lang='lat' dir='ltr'>asperos</span> <span class='ocrx_word' id='word_1_241' title='bbox 791 3493 901 3557; x_wconf 86' lang='lat' dir='ltr'>castris</span> <span class='ocrx_word' id='word_1_242' title='bbox 919 3514 1031 3578; x_wconf 87' lang='lat' dir='ltr'>cepere</span> <span class='ocrx_word' id='word_1_243' title='bbox 1050 3504 1150 3579; x_wconf 88' lang='lat' dir='ltr'>atque</span> <span class='ocrx_word' id='word_1_244' title='bbox 1167 3497 1235 3560; x_wconf 89' lang='lat' dir='ltr'>inde</span> 
     </span>
     <span class='ocr_line' id='line_1_35' title="bbox 202 3584 1234 3675; baseline 0.006 -26"><span class='ocrx_word' id='word_1_245' title='bbox 202 3585 339 3649; x_wconf 85' lang='lat' dir='ltr'>decursu</span> <span class='ocrx_word' id='word_1_246' title='bbox 358 3584 505 3649; x_wconf 89' lang='lat' dir='ltr'>inlitora</span> <span class='ocrx_word' id='word_1_247' title='bbox 527 3594 581 3649; x_wconf 86' lang='lat' dir='ltr'>ant</span> <span class='ocrx_word' id='word_1_248' title='bbox 602 3584 695 3650; x_wconf 91' lang='lat' dir='ltr'>urbes</span> <span class='ocrx_word' id='word_1_249' title='bbox 718 3587 783 3649; x_wconf 86' lang='lat' dir='ltr'>vim</span> <span class='ocrx_word' id='word_1_250' title='bbox 809 3586 979 3651; x_wconf 89' lang='lat' dir='ltr'>cultoribus</span> <span class='ocrx_word' id='word_1_251' title='bbox 1003 3596 1035 3651; x_wconf 88' lang='lat' dir='ltr'>et</span> <span class='ocrx_word' id='word_1_252' title='bbox 1057 3591 1234 3675; x_wconf 85' lang='lat' dir='ltr'>oppidanis,</span> 
     </span>
     <span class='ocr_line' id='line_1_36' title="bbox 202 3676 1343 3764; baseline 0.006 -22"><span class='ocrx_word' id='word_1_253' title='bbox 202 3700 240 3742; x_wconf 89' lang='lat' dir='ltr'>ae</span> <span class='ocrx_word' id='word_1_254' title='bbox 256 3677 441 3764; x_wconf 89' lang='lat' dir='ltr'>plerumque</span> <span class='ocrx_word' id='word_1_255' title='bbox 458 3678 492 3743; x_wconf 90' lang='lat' dir='ltr'>in</span> <span class='ocrx_word' id='word_1_256' title='bbox 508 3689 696 3743; x_wconf 88' lang='lat' dir='ltr'>mercatores</span> <span class='ocrx_word' id='word_1_257' title='bbox 715 3689 746 3743; x_wconf 92' lang='lat' dir='ltr'>et</span> <span class='ocrx_word' id='word_1_258' title='bbox 763 3680 970 3744; x_wconf 83' lang='lat' dir='ltr'>navicularios</span> <span class='ocrx_word' id='word_1_259' title='bbox 989 3682 1164 3762; x_wconf 84' lang='lat' dir='ltr'>audebant,</span> <span class='ocrx_word' id='word_1_260' title='bbox 1183 3683 1234 3748; x_wconf 92' lang='lat' dir='ltr'>ob·</span> <span class='ocrx_word' id='word_1_261' title='bbox 1339 3676 1343 3691; x_wconf 81' lang='lat'>&#39;</span> 
     </span>
     <span class='ocr_line' id='line_1_37' title="bbox 203 3770 1234 3858; baseline 0.002 -22"><span class='ocrx_word' id='word_1_262' title='bbox 203 3795 352 3856; x_wconf 89' lang='lat' dir='ltr'>sessaque</span> <span class='ocrx_word' id='word_1_263' title='bbox 371 3773 480 3836; x_wconf 87' lang='lat' dir='ltr'>civitas</span> <span class='ocrx_word' id='word_1_264' title='bbox 498 3770 737 3838; x_wconf 90' lang='lat' dir='ltr'>Anemuriensis</span> <span class='ocrx_word' id='word_1_265' title='bbox 743 3798 753 3850; x_wconf 79' lang='lat'><em>3</em></span> <span class='ocrx_word' id='word_1_266' title='bbox 776 3782 807 3837; x_wconf 89' lang='lat' dir='ltr'>et</span> <span class='ocrx_word' id='word_1_267' title='bbox 824 3773 913 3837; x_wconf 90' lang='lat' dir='ltr'>missi</span> <span class='ocrx_word' id='word_1_268' title='bbox 931 3796 948 3837; x_wconf 91' lang='lat' dir='ltr'>e</span> <span class='ocrx_word' id='word_1_269' title='bbox 968 3771 1064 3858; x_wconf 86' lang='lat' dir='ltr'>Syria</span> <span class='ocrx_word' id='word_1_270' title='bbox 1081 3776 1117 3839; x_wconf 91' lang='lat' dir='ltr'>in</span> <span class='ocrx_word' id='word_1_271' title='bbox 1135 3776 1234 3842; x_wconf 89' lang='lat' dir='ltr'>subsi-</span> 
     </span>
     <span class='ocr_line' id='line_1_38' title="bbox 202 3865 1234 3955; baseline 0.005 -25"><span class='ocrx_word' id='word_1_272' title='bbox 202 3867 289 3930; x_wconf 90' lang='lat' dir='ltr'>dium</span> <span class='ocrx_word' id='word_1_273' title='bbox 303 3868 424 3950; x_wconf 87' lang='lat' dir='ltr'>equites</span> <span class='ocrx_word' id='word_1_274' title='bbox 438 3890 510 3932; x_wconf 90' lang='lat' dir='ltr'>eum</span> <span class='ocrx_word' id='word_1_275' title='bbox 522 3867 681 3953; x_wconf 83' lang='lat' dir='ltr'>praefecto</span> <span class='ocrx_word' id='word_1_276' title='bbox 697 3866 807 3932; x_wconf 88' lang='lat' dir='ltr'>Curtio</span> <span class='ocrx_word' id='word_1_277' title='bbox 822 3865 940 3932; x_wconf 85' lang='lat' dir='ltr'>Severo</span> <span class='ocrx_word' id='word_1_278' title='bbox 955 3868 1133 3948; x_wconf 89' lang='lat' dir='ltr'>turbantur,</span> <span class='ocrx_word' id='word_1_279' title='bbox 1153 3870 1234 3955; x_wconf 88' lang='lat' dir='ltr'>quod</span> 
     </span>
     <span class='ocr_line' id='line_1_39' title="bbox 201 3960 1233 4049; baseline 0.006 -26"><span class='ocrx_word' id='word_1_280' title='bbox 201 3960 272 4023; x_wconf 92' lang='lat' dir='ltr'>duri</span> <span class='ocrx_word' id='word_1_281' title='bbox 289 3961 406 4024; x_wconf 86' lang='lat' dir='ltr'>circum</span> <span class='ocrx_word' id='word_1_282' title='bbox 423 3961 484 4025; x_wconf 88' lang='lat' dir='ltr'>loci</span> <span class='ocrx_word' id='word_1_283' title='bbox 500 3961 720 4047; x_wconf 87' lang='lat' dir='ltr'>peditibusque</span> <span class='ocrx_word' id='word_1_284' title='bbox 743 3963 784 4035; x_wconf 85' lang='lat' dir='ltr'>ad</span> <span class='ocrx_word' id='word_1_285' title='bbox 800 3984 939 4048; x_wconf 87' lang='lat' dir='ltr'>pugnam</span> <span class='ocrx_word' id='word_1_286' title='bbox 960 3962 1076 4028; x_wconf 87' lang='lat' dir='ltr'>idonei</span> <span class='ocrx_word' id='word_1_287' title='bbox 1091 3975 1233 4049; x_wconf 89' lang='lat' dir='ltr'>equestre</span> 
     </span>
     <span class='ocr_line' id='line_1_40' title="bbox 82 4052 1231 4139; baseline 0.008 -24"><span class='ocrx_word' id='word_1_288' title='bbox 82 4124 87 4132; x_wconf 43' lang='grc'><strong>,</strong></span> <span class='ocrx_word' id='word_1_289' title='bbox 201 4052 353 4136; x_wconf 89' lang='lat' dir='ltr'>proelium</span> <span class='ocrx_word' id='word_1_290' title='bbox 371 4054 456 4118; x_wconf 89' lang='lat' dir='ltr'>haud</span> <span class='ocrx_word' id='word_1_291' title='bbox 472 4055 678 4139; x_wconf 88' lang='lat' dir='ltr'>patiebantur.</span> <span class='ocrx_word' id='word_1_292' title='bbox 701 4056 774 4120; x_wconf 91' lang='lat' dir='ltr'>dein</span> <span class='ocrx_word' id='word_1_293' title='bbox 790 4079 847 4120; x_wconf 89' lang='lat' dir='ltr'>rex</span> <span class='ocrx_word' id='word_1_294' title='bbox 865 4056 931 4120; x_wconf 89' lang='lat' dir='ltr'>eius</span> <span class='ocrx_word' id='word_1_295' title='bbox 950 4079 1023 4121; x_wconf 89' lang='lat' dir='ltr'>orae</span> <span class='ocrx_word' id='word_1_296' title='bbox 1041 4056 1231 4135; x_wconf 86' lang='lat' dir='ltr'>Antiochus,</span> 
     </span>
     <span class='ocr_line' id='line_1_41' title="bbox 200 4142 1232 4235; baseline 0.007 -24"><span class='ocrx_word' id='word_1_297' title='bbox 200 4142 421 4211; x_wconf 84' lang='lat' dir='ltr'>blandimentis</span> <span class='ocrx_word' id='word_1_298' title='bbox 435 4148 602 4215; x_wconf 86' lang='lat' dir='ltr'>adversum</span> <span class='ocrx_word' id='word_1_299' title='bbox 614 4149 749 4235; x_wconf 90' lang='lat' dir='ltr'>plebem,</span> <span class='ocrx_word' id='word_1_300' title='bbox 768 4150 879 4216; x_wconf 86' lang='lat' dir='ltr'>fraude</span> <span class='ocrx_word' id='word_1_301' title='bbox 896 4151 930 4216; x_wconf 92' lang='lat' dir='ltr'>in</span> <span class='ocrx_word' id='word_1_302' title='bbox 942 4150 1057 4216; x_wconf 90' lang='lat' dir='ltr'>ducem</span> <span class='ocrx_word' id='word_1_303' title='bbox 1071 4175 1149 4219; x_wconf 92' lang='lat' dir='ltr'>enm</span> <span class='ocrx_word' id='word_1_304' title='bbox 1166 4155 1232 4220; x_wconf 88' lang='lat' dir='ltr'>bar-</span> 
     </span>
    </p>
   </div>
   <div class='ocr_carea' id='block_1_3' title="bbox 0 0 1384 4874">
    <p class='ocr_par' dir='ltr' id='par_1_3' title="bbox 0 0 1384 4874">
     <span class='ocr_line' id='line_1_42' title="bbox 0 0 1384 4874; baseline 0 3"><span class='ocrx_word' id='word_1_305' title='bbox 0 0 1384 4874; x_wconf 95' lang='lat' dir='ltr'> </span> 
     </span>
    </p>
   </div>
  </div>
 </body>
</html>
