2760 4874
378 379 585 438 ANNALIUM
599 382 675 436 LIB.
691 383 712 437 Ι.
730 383 850 437 46-51.
1081 375 1122 438 27

99 487 121 526 p.
132 474 172 514 Ch.
182 476 216 513 14.

99 565 193 627 quam
212 540 363 604 maiorem
380 539 539 625 legionum
557 549 678 623 partem
694 539 727 602 in
745 539 849 604 officio
862 540 977 620 vident,
996 543 1035 607 de
1054 566 1124 608 sen·

100 635 196 700 tentia
217 633 314 719 legati
337 641 477 698 statuunt
500 641 622 716 tempus
644 653 707 714 quo
730 633 947 698 foedissimum
968 658 1124 721 quemque

99 739 129 793 et
147 727 294 794 seditioni
310 735 491 812 promptum
509 725 591 792 ferro
608 726 771 804 invadant;
791 737 866 791 tunc
884 728 975 813 signo
991 730 1072 794 inter
1090 753 1123 795 se

99 824 171 887 dato
193 821 377 904 inrumpunt
399 818 610 896 contubernia,
634 819 789 884 trucidant
809 821 935 906 ignaros
957 822 1042 887 nullo
1064 824 1125 887 nisi

99 915 234 981 consciis
251 922 401 978 noscente
418 913 504 995 quod
522 914 626 977 caedis
644 914 781 990 initium,
804 916 874 998 quis
892 915 973 980 finis.
1001 917 1125 981 diversa
1143 938 1174 981 49

99 1009 240 1075 omnium
258 1007 337 1090 quae
356 1028 505 1089 umquam
523 1006 662 1071 accidere
685 1007 822 1072 civilium
839 1032 996 1074 armorum
1013 1009 1124 1074 facies:

99 1126 160 1168 non
173 1101 303 1187 proeli0,
321 1123 385 1165 non
403 1101 542 1164 adversis
561 1122 579 1165 e
597 1102 716 1178 castris,
736 1102 792 1184 sed
804 1102 906 1167 isdem
923 1126 940 1167 e
959 1103 1123 1180 cubilibus,

99 1219 178 1280 quos
194 1195 288 1260 simul
301 1194 455 1258 vescentis
469 1194 547 1271 dies,
566 1195 659 1258 simul
671 1195 793 1278 quietos
807 1218 870 1260 nox
883 1196 1042 1275 habuerat,
1061 1197 1125 1260 dis-

99 1290 214 1354 cedunt
232 1289 265 1351 in
282 1297 400 1372 partes,
418 1288 565 1372 ingerunt
582 1288 658 1366 tela3
682 1288 811 1366 clamor,
831 1289 974 1367 vulnera,
994 1291 1124 1376 sanguis

98 1382 217 1467 palam,
238 1402 333 1445 causa
350 1381 383 1444 in
400 1381 522 1445 occulto
528 1405 537 1459 ;
556 1390 658 1466 cetera
675 1382 741 1447 fors
758 1383 852 1469 regit:
876 1393 907 1448 et
924 1385 1051 1468 quidam
1069 1385 1125 1451 bo-

99 1498 212 1540 norum
231 1474 327 1551 caesi,
346 1484 514 1558 postquam
531 1475 688 1540 intellecto
706 1477 740 1539 in
756 1499 836 1560 quos
855 1479 1035 1556 saeviretur,
1053 1502 1125 1564 pes-

100 1568 171 1634 simi
188 1589 314 1651 quoque
332 1591 419 1631 arma
434 1578 615 1652 rapuerant3
638 1591 740 1652 neque
761 1571 884 1656 legatus
906 1582 961 1636 aut
982 1572 1124 1637 tribunus

98 1663 277 1727 moderator
302 1661 414 1725 adfuit:
440 1662 594 1746 permissa
615 1663 711 1748 vulgo
733 1662 858 1727 licentia
880 1675 973 1748 atque
997 1666 1071 1729 ultio
1094 1677 1125 1730 et

99 1758 238 1822 satietas.
257 1779 332 1821 mox
343 1756 505 1841 ingressus
519 1767 621 1821 castra
631 1755 848 1836 Germanicus,
862 1782 925 1823 non
939 1761 1124 1825 medicinam

97 1851 176 1915 illud
192 1849 335 1935 plurimis
353 1871 425 1913 cum
442 1850 578 1923 lacrimis
597 1851 653 1929 sed
667 1851 786 1916 cladem
805 1852 975 1936 appellans,
995 1855 1124 1918 cremari

100 1962 232 2029 corpora
249 1940 348 2007 iubet,

163 2037 284 2102 Truces
295 2037 387 2100 etiam
396 2046 463 2101 tum
472 2037 592 2101 animos
603 2037 716 2122 cupido
725 2038 843 2103 involat
849 2038 1122 2118 eundiinhostem,

98 2131 258 2217 piaculum
280 2130 407 2207 furoris3
434 2152 492 2193 nec
514 2130 602 2194 aliter
622 2153 717 2215 posse
738 2132 856 2217 placari
878 2134 1124 2198 commilitonum

97 2247 207 2289 manes
226 2245 321 2307 quarn
339 2224 366 2287 si
382 2223 560 2308 pectoribus
574 2224 677 2308 impiis
695 2225 827 2290 honesta
840 2227 969 2291 vulnera
987 2228 1125 2312 accepis-

99 2326 179 2383 sent.
212 2316 352 2398 sequitur
373 2317 516 2380 ardorem
538 2317 671 2380 militum
694 2316 813 2382 Caesar
837 2318 1005 2401 iunctoque
1030 2328 1124 2403 ponte

99 2409 242 2475 tramittit
255 2409 418 2473 duodecim
432 2410 548 2474 miliae
565 2410 750 2497 legionibus,
771 2434 827 2476 sex
845 2421 876 2474 et
894 2412 1005 2497 viginti
1023 2413 1123 2477 socias

99 2503 252 2580 cohortis,
271 2513 341 2567 octo
360 2503 499 2586 equitum
517 2504 596 2581 alas,
620 2526 752 2587 quarum
770 2527 807 2569 ea
826 2505 977 2570 seditione
995 2506 1124 2570 inteme-

98 2607 167 2662 rata
185 2596 339 2660 modestia
356 2596 423 2660 fuit.
451 2597 525 2661 laeti
541 2620 642 2680 neque
660 2598 768 2682 procul
787 2596 937 2663 Germani
954 2598 1123 2685 agitabant,
1144 2622 1176 2669 50

98 2692 176 2756 dum
193 2690 312 2755 iustitio
330 2689 370 2754 ob
388 2691 540 2755 amissum
557 2691 756 2777 Augustum,
779 2703 852 2776 post
874 2693 1037 2758 discordiis
1055 2696 1125 2759 atti-

98 2807 220 2849 nemur.
244 2793 275 2848 at
287 2783 449 2849 Romanus
468 2785 592 2870 agmine
605 2808 738 2871 propero
756 2786 867 2850 silvam
882 2785 1028 2852 Caesiam
1045 2788 1125 2853 limi-

99 2889 227 2961 temque
245 2900 264 2941 a
282 2876 408 2942 Tiberio
427 2887 572 2962 coeptum
591 2880 717 2957 scindit,
742 2891 844 2945 castra
865 2881 898 2944 in
915 2882 1011 2946 limite
1033 2883 1123 2961 locat,

98 2973 236 3039 frontem
250 2995 287 3037 ac
300 2983 422 3059 tergum
434 2973 527 3050 vallo,
546 2974 643 3038 latera
656 2974 863 3040 concaedibus
882 2977 1034 3055 munitus3
1050 2979 1125 3053 'inde

100 3068 199 3132 saltus
213 3067 362 3139 obscuros
376 3077 515 3152 permeat
530 3068 747 3151 consultatque
765 3092 805 3133 ex
822 3069 944 3135 duobus
962 3071 1124 3136 itineribus

99 3162 195 3227 breve
218 3171 249 3225 et
271 3162 397 3225 solitum
419 3171 568 3245 sequatur
590 3186 630 3226 an
651 3163 830 3247 impeditius
855 3174 886 3228 et
906 3165 1125 3250 intemptatum

100 3277 202 3338 eoque
219 3255 361 3321 hostibus
380 3256 565 3321 incautum}
580 3256 699 3321 delecta
716 3257 855 3343 longiore
878 3258 930 3322 nia
951 3269 1054 3323 cetera
1071 3255 1126 3322 ad-

101 3350 288 3428 celerantur3
303 3351 416 3415 etenim
430 3351 597 3415 attulerant
611 3351 820 3435 exploratores
835 3352 948 3416 festam
962 3375 1031 3416 eam
1046 3349 1126 3415 Ger-

100 3444 202 3508 manis
215 3454 339 3524 noctem
353 3467 390 3508 ac
404 3444 718 3528 sollemnibus'epulis
727 3445 888 3509 ludicram.
908 3443 1045 3509 Caecina
1055 3467 1125 3507 cum

101 3537 255 3622 expeditis
275 3537 453 3602 cohortibus
475 3539 595 3622 praeire
615 3548 646 3601 et
662 3537 818 3602 obstantia
841 3538 988 3603 silvarum
1006 3536 1126 3601 amoliri

100 3631 238 3708 iubetur3
260 3630 401 3716 legiones
424 3632 547 3697 modico
570 3631 732 3696 intervallo
756 3641 935 3714 sequuntur.
963 3631 1041 3695 iuvit
1062 3653 1125 3695 nox

101 3724 257 3790 sideribus
279 3723 432 3803 inlustris,
455 3736 644 3809 ventumque
662 3727 702 3789 ad
719 3725 804 3789 vicos
813 3725 993 3793 Marsorum
1015 3734 1046 3790 et
1068 3725 1126 3789 cir-

101 3819 266 3883 cumdatae
284 3821 433 3884 stationes
457 3820 561 3885 stratis
581 3820 675 3883 etiam
693 3828 760 3882 tum
776 3841 832 3902 per
855 3818 968 3883 cubilia
985 3828 1125 3904 propter-

100 3934 162 3996 que
188 3935 329 3990 mensas,
355 3913 440 3978 nullo
466 3924 565 3992 metu,
592 3937 656 3978 non
681 3913 861 3998 antepositis
889 3914 1017 3999 vigiliis:
1046 3915 1124 3979 adeo

100 4015 216 4070 cuncta
231 4006 351 4071 incuria
369 4007 499 4072 disiecta
516 4017 612 4084 erant,
631 4029 732 4090 neque
750 4007 824 4072 belli
842 4008 933 4072 timor
950 4031 987 4073 ac
1004 4032 1044 4073 ne
1061 4032 1124 4095 pax

101 4101 229 4183 quidem
252 4101 312 4166 nisi
334 4100 481 4186 languida
503 4111 534 4165 et
556 4102 657 4167 soluta
681 4101 760 4166 inter
777 4103 977 4191 temulentos.
1006 4102 1125 4173 Caesar
1143 4117 1171 4162 51
