2760 4874
433 353 637 412 ANNALIUM
655 354 729 415 LIB·
743 355 780 409 11.
798 356 917 411 83-88.
1146 345 1187 410 ’19

155 447 361 592 loddnletulit,
385 523 544 596 tamquam
562 522 633 578 auct
635 536 672 577 us
621 511 797 577 tliberis
814 512 941 578 Drusus
959 514 1087 579 domum
1107 513 1187 582 Ger-

156 611 276 678 manici
291 609 395 696 magis
413 617 563 694 urgeret.

222 704 349 771 Eodem
366 725 450 768 anno
471 702 620 788 gravibus
644 712 770 767 senatus
789 703 902 767 decret'
881 713 920 768 trs
942 651 1039 769 libido
1056 705 1187 770 femina-
1204 725 1237 774 8ο

157 824 231 866 ιιιιιι
248 799 385 864 coercita
402 809 589 880 cautumque
606 820 646 862 ne
665 807 830 882 quaestum
853 817 980 883 corpore
1002 798 1119 864 faceret
1107 801 1187 864 tcui

158 917 239 959 avus
259 901 314 958 aut
334 901 424 978 pater
443 900 499 957 aut
515 892 645 957 maritus
668 913 764 975 eques
782 892 944 957 Romanus
966 892 1091 958 fuisset:
1113 917 1187 958 nam

158 988 301 1065 Vistilia,
328 986 484 1072 praetoria
508 985 627 1052 familia
652 987 771 1072 genita,
789 987 956 1051 licentiam
978 988 1077 1073 stupri
1103 989 1187 1073 apud

158 1083 277 1147 aediles
301 1081 497 1166 vulgaverat,
520 1103 606 1145 more
627 1081 709 1145 inter
729 1092 850 1146 veteres
871 1091 1010 1166 recepto,
1034 1083 1088 1165 qui
1111 1083 1186 1147 satis

158 1198 334 1262 poenarum
352 1175 519 1238 adversum
535 1174 699 1259 inpudicas
715 1174 750 1238 in
771 1175 841 1260 ipsa
861 1174 1055 1260 professione
1077 1176 1187 1261 flagitii

160 1268 340 1335 credebant
363 1277 507 1333 exactum
521 1277 552 1333 et
565 1291 584 1332 a
597 1268 714 1334 Titidio
729 1268 891 1347 Labeone,
909 1268 1052 1334 Vistiliae
1065 1271 1185 1346 marito,

160 1364 273 1429 curin
294 1385 392 1427 uxore
415 1362 519 1450 delicti
545 1362 710 1427 manifesta
735 1364 887 1428 ultionem
907 1363 987 1450 legis
1014 1362 1185 1442 omisisset3

159 1468 256 1542 atque
276 1456 331 1521 illo
351 1456 573 1541 praetendente
597 1458 761 1543 sexaginta
786 1459 853 1523 dies
881 1459 921 1522 ad
947 1458 1186 1524 consultandum

159 1553 252 1616 datos
268 1551 611 1635 necdnm'praeterisse,
631 1553 706 1617 satis
724 1553 828 1618 visum
846 1553 885 1617 de
899 1552 1024 1618 Vistilia
1037 1563 1171 1619 statuere
1177 1579 1186 1630 3

159 1662 261 1729 eaque
278 1644 463 1729 ininsulam
483 1643 639 1730 Seriphon
656 1646 763 1712 abdita
781 1657 846 1714 est,
861 1658 965 1712 actum
983 1657 1014 1712 et
1031 1648 1070 1712 de
1089 1648 1185 1712 sacris

158 1740 331 1826 Aegyptiis
352 1740 552 1823 Iudaicisque
577 1740 730 1825 pellendis
757 1742 937 1825 factumque
962 1754 1085 1828 patrum
1112 1765 1186 1807 con-

160 1835 288 1911 sultum,
307 1843 342 1898 ut
359 1842 506 1917 quattuor
523 1834 608 1899 milia
619 1834 755 1900 libertini
771 1836 894 1922 generis
914 1859 951 1901 ea
969 1837 1186 1922 superstitione

158 1928 286 2005 infecta,
305 1928 375 2011 quis
393 1928 506 1992 idonea
523 1939 619 2006 aetas,
638 1930 671 2011 in
687 1931 822 1995 insulam
842 1929 1019 1994 Sardiniam
1037 1930 1186 1994 veheren-

159 2033 225 2106 tur,
246 2023 429 2087 coercendis
452 2022 515 2087 illic
536 2023 706 2088 latrociniis
725 2034 769 2102 et,
793 2025 821 2089 si
842 2023 882 2089 ob
905 2024 1090 2110 gravitatem
1108 2023 1186 2087 caeli

158 2117 352 2194 interissent
327 2117 436 2180 tvile
454 2117 617 2195 damnum3
640 2118 735 2183 ceteri
752 2120 897 2183 cederent
914 2118 1018 2194 Italia,
1041 2118 1102 2182 nisi
1120 2139 1185 2181 cer-

158 2220 225 2275 tam
243 2220 314 2275 ante
332 2164 416 2274 diem
432 2211 581 2296 profanos
599 2213 677 2278 ritus
696 2213 865 2276 exuissent.

224 2304 303 2370 Post
316 2328 396 2389 quae
409 2315 456 2370 ret
444 2307 527 2370 ttulit
541 2305 661 2372 Caesar
674 2306 900 2392 capiendam
870 2291 1024 2392 virginem
1036 2305 1185 2370 inlocum
1203 2325 1235 2375 8ο

161 2397 295 2477 Occiae,
319 2422 399 2483 quae
423 2411 543 2485 septem
565 2411 596 2466 e
617 2401 844 2487 quinquaginta
864 2423 921 2485 per
942 2423 1039 2464 annos
1063 2423 1185 2464 summa

160 2493 366 2558 sanctimonia
383 2494 565 2560 Vestalibus
588 2495 684 2568 sacris
702 2495 914 2580 praesederat3
937 2495 1149 2580 egitquergrat
1150 2516 1183 2558 es

159 2587 293 2664 Fonteio
319 2585 481 2674 Agrippae
509 2598 539 2653 et
565 2589 707 2654 Domitio
733 2588 882 2665 Pollioni,
914 2589 999 2672 quod
1025 2588 1185 2652 offerendo

159 2683 241 2747 filias
268 2683 307 2746 de
333 2683 437 2748 officio
463 2684 496 2748 in
512 2704 579 2748 rem
606 2683 764 2770 publicam
786 2693 947 2749 certarent.
978 2683 1116 2770 praelata
1138 2693 1186 2748 est
1270 2716 1272 2720 ι

158 2776 312 2842 Pollionis
338 2777 416 2854 filia,
443 2801 506 2843 non
519 2778 572 2855 ,ob
599 2777 684 2843 aliud
709 2801 804 2862 qnam
830 2781 914 2863 quod
939 2788 1039 2845 mater
1064 2779 1131 2844 eius
1153 2779 1187 2844 in

159 2871 272 2936 eodem
294 2871 439 2957 coningio
460 2873 620 2951 manebat3
643 2896 716 2936 nam
738 2871 883 2959 Agrippa
903 2873 1035 2939 discidio
1058 2874 1185 2938 domum
1294 2887 1296 2891 ‘

159 2960 372 3044 imminuerat3
387 2975 418 3030 et
428 2964 547 3031 Caesar
555 2967 697 3050 quamvis
712 2967 922 3053 posthabitam
935 2968 1038 3033 decies
1053 2966 1186 3032 sestertii

161 3059 235 3124 dote
254 3059 333 3124 solat
321 3069 371 3125 tus
391 3070 447 3125 est.

227 3151 399 3220 Saevitiam
424 3178 566 3223 annonae
591 3156 754 3236 incusante
780 3156 871 3241 plebe
898 3156 1005 3221 statuit
992 3155 1185 3219 ttfrumeno
1154 3164 1234 3222 ι8ι

159 3240 295 3333 pretium
311 3250 396 3332 quod
414 3258 535 3334 emptor
554 3250 718 3335 penderet,
742 3249 899 3341 binosque
915 3266 1060 3313 nummos
1079 3271 1113 3312 se
1131 3248 1186 3311 ad-

159 3341 207 3404 dit
194 3351 298 3406 turum
310 3344 449 3430 negotiat
436 3344 577 3410 toribus
568 3369 601 3408 ιιι
615 3344 754 3431 singulos
768 3337 903 3411 modios·
896 3365 1018 3427 ,neque
1031 3352 1136 3409 tamen
1145 3342 1185 3406 ob

160 3457 200 3499 ea
211 3447 321 3519 parent
322 3437 348 3502 is
362 3438 484 3523 patriae
495 3437 578 3503 delat
565 3448 632 3502 turn
650 3433 681 3503 et
700 3449 753 3502 ant
754 3461 791 3504 ea
741 3436 993 3504 tvocabulum
1011 3435 1195 3520 adsumpsit

159 3528 354 3615 acerbeque
356 3533 509 3624 increpuit
530 3553 585 3600 eos
607 3533 661 3618 qui
683 3533 804 3598 divinas
827 3532 1044 3618 occupationes
1066 3530 1185 3636 ipsum-

159 3645 223 3707 que
249 3616 410 3690 dominum
435 3627 590 3693 dixerant:
616 3629 700 3692 unde
727 3638 861 3714 angusta
886 3637 917 3692 et
942 3625 1061 3690 lubrica
1079 3623 1184 3687 oratio

160 3717 220 3783 sub
239 3719 377 3806 principe
395 3744 449 3805 qur
439 3722 585 3787 libertat
573 3733 636 3788 tem
653 3732 717 3787 met
705 3721 821 3799 tuebat,
840 3721 954 3786 adulat
933 3731 1048 3785 tionem
1067 3718 1183 3782 oderat.

200 3892 204 3899 Ι
225 3812 361 3905 Reperio
379 3818 463 3902 apud
486 3818 650 3903 scriptores
674 3827 762 3881 sen'at
763 3838 901 3900 oresque.
916 3813 1085 3881 eorundem
1106 3822 1183 3877 tem·
1201 3832 1233 3881 88

158 3909 273 3995 porum
294 3909 533 3999 Adgandestrii,
560 3913 708 3999 principis
732 3911 931 3988 Chattorum,
957 3909 1053 3974 lectas
1080 3906 1113 3972 in
1135 3930 1184 3973 se-

159 4013 238 4067 natu
258 4004 376 4073 litteras
398 4007 512 4090 quibus
535 4018 666 4085 mortem
687 4006 823 4072 Arminii
843 4005 1058 4092 promittebat,
1081 4004 1107 4069 si
1128 4026 1184 4089 pa-

160 4100 290 4166 trandae
307 4102 376 4168 neci
394 4124 548 4168 venenum
566 4103 751 4182 mitteretur,
769 4121 1016 4188 responsumque
1033 4121 1184 4166 essenon
