2760 4874
63 416 76 483 ς
139 389 201 454 126
485 394 813 452 connaturalem

1051 495 1162 533 atum.

137 557 270 641 vestigia
291 552 508 629 cemebantur3
531 551 625 616 refert
643 552 683 615 ad
702 563 857 630 senatum,
884 554 1027 638 datisque
1050 557 1163 628 iudici-

137 654 196 716 bus
210 648 394 735 Urgulania,
415 644 536 710 Silvani
553 647 632 721 avia,
651 648 822 731 pugionem
839 649 945 733 nepoti
962 650 1056 726 misit,
1075 654 1164 734 quod

136 744 263 830 perinde
290 741 441 826 creditum
467 740 557 821 quasi
577 740 730 825 principis
757 742 891 819 monitu,
924 742 964 807 ob
991 743 1163 809 amicitiam

125 837 303 923 Augustae
333 856 404 898 cum
431 832 615 918 Urgulania.
651 855 723 897 reus
750 834 866 898 frustra
896 845 1046 920 temptato
1077 837 1163 903 ferro

136 955 232 997 venas
254 927 397 1016 praebuit
419 927 640 1004 exsolvendas3
663 950 737 990 mox
753 927 957 1006 Numantina,
979 915 1065 1014 prior
1081 954 1165 996 uxor

137 1026 214 1101 eius,
233 1031 378 1087 accusata
394 1021 539 1084 iniecisse
552 1020 740 1087 carminibus
758 1031 790 1086 ct
806 1022 964 1087 veneficiis
982 1025 1164 1090 vecordiam

136 1119 261 1194 marito,
281 1117 389 1180 insons
406 1115 570 1183 iudicatur.
804 1118 806 1125 ⁴

87 1231 119 1278 23
201 1212 235 1276 Is
253 1211 381 1274 demum
399 1232 498 1272 annus
516 1209 667 1293 populum
684 1208 862 1273 Romanum
879 1209 974 1295 longo
992 1211 1163 1275 adversum

135 1304 303 1369 Numidam
322 1301 552 1366 Tacfarinatem
571 1301 653 1366 bello
671 1301 818 1379 absolvit;
836 1325 909 1365 nam
926 1303 1162 1388 priores-duces

137 1397 191 1461 ubi
216 1396 410 1481 impetrando
437 1394 670 1479 triumphalium
695 1395 811 1480 insigni
838 1395 982 1460 sufficere
1007 1419 1058 1461 res
1086 1419 1161 1463 suas

137 1491 344 1567 crediderant,
367 1489 490 1553 hostem
508 1488 704 1566 omittebant,
727 1490 851 1572 iamque
873 1498 935 1554 tres
954 1491 1111 1556 laureatae
1128 1491 1163 1555 in

137 1584 214 1649 urbe
228 1593 348 1648 statuae
362 1591 393 1646 et
406 1582 507 1646 adhuc
520 1582 664 1667 raptabat
677 1581 821 1647 Africam
835 1583 1029 1662 Tacfarinas,
1048 1593 1161 1649 auctus

137 1676 321 1740 Maurorum
343 1675 481 1752 auxiliis,
508 1676 563 1758 qui
583 1675 780 1754 Ptolemaeo,
807 1676 908 1741 lubae
928 1677 1006 1753 filio,
1033 1668 1163 1742 iuventa

136 1771 292 1834 incurioso
318 1769 444 1834 hbertos
470 1770 573 1855 regios
601 1779 632 1836 et
655 1770 779 1835 servilia
799 1771 929 1855 imperia
951 1770 1032 1835 bello
1058 1779 1163 1835 muta

137 1872 259 1940 verant3
286 1871 351 1926 erat
369 1862 414 1926 illi
435 1864 621 1947 praedarum
642 1873 783 1949 receptor
806 1885 843 1927 ac
865 1865 968 1928 socius
989 1864 1162 1949 populandi

136 1979 192 2020 rex
219 1953 459 2034 Garamantum,
491 1979 555 2021 non
580 1966 615 2020 ut
640 1979 711 2021 cum
739 1957 876 2021 exercitu
900 1957 1071 2034 incederet,
1105 1958 1181 2022 sed⁴

137 2051 241 2115 missis
259 2049 380 2115 levibus
399 2051 510 2135 copiis,
534 2072 614 2133 quae
632 2071 671 2114 ex
691 2050 863 2136 longinquo
880 2051 913 2114 in
931 2050 1031 2115 maius
1054 2051 1162 2115 audie-

137 2144 273 2221 bantur3·
285 2144 416 2228 ipsaque
434 2165 452 2207 e
469 2145 642 2229 provincia,
665 2153 700 2207 ut
717 2144 787 2227 quis
806 2144 948 2209 fortunae
964 2144 1069 2228 inops,
1093 2166 1162 2209 mo-

136 2237 223 2302 ribus
245 2237 402 2315 turbidus,
425 2237 599 2322 promptius
621 2236 765 2315 ruebant,
789 2238 862 2321 quia
881 2237 1000 2302 Caesar
1019 2246 1093 2322 post
1109 2259 1161 2302 res

137 2357 157 2397 a
170 2332 289 2396 Blaeso
306 2340 426 2417 gestas,
449 2332 540 2414 quasi
557 2331 650 2395 nullis
672 2332 735 2395 iam
752 2332 785 2395 in
801 2330 914 2395 Africa
930 2331 1089 2409 hostibus,
1111 2353 1162 2395 re·

136 2426 252 2511 portari
277 2448 392 2490 nonam
417 2424 573 2510 legionem
598 2425 744 2501 iusserat,
771 2447 829 2489 neo
854 2447 911 2510 pro
937 2425 1065 2491 consule
1092 2426 1160 2489 eius

137 2521 211 2584 anni
226 2519 265 2584 P.
284 2519 451 2584 Dolabella
468 2519 599 2583 retinere
616 2542 713 2583 ausus
732 2529 806 2596 erat,
825 2520 912 2584 iussa
927 2519 1076 2604 principis
1095 2512 1162 2582 ma

137 2614 186 2699 gis
204 2636 299 2696 quam
316 2613 435 2676 ineerta
453 2611 527 2676 belli
544 2623 695 2676 metuens.

87 2727 119 2774 24
200 2705 302 2790 Igitur
315 2699 499 2769 Tacfarinas
518 2706 659 2789 disperso
676 2728 799 2770 rumore
816 2728 883 2769 rem
896 2704 1076 2770 Romanam
1091 2704 1160 2768 aliis

137 2819 261 2880 quoque
279 2796 319 2861 ab
337 2796 515 2860 nationibus
537 2798 666 2862 lacerari
684 2817 787 2882 coque
809 2798 959 2882 paulatim
976 2796 1089 2861 Africa
1106 2798 1161 2860 de-

137 2890 260 2965 cederc,
284 2911 320 2953 ac
337 2912 432 2974 posse
449 2889 585 2972 reliquos
607 2891 837 2968 circumveniri,
862 2892 888 2956 si
906 2891 1022 2967 cuncti,
1046 2890 1160 2973 quibus

136 2981 262 3046 libertas
282 2983 407 3046 servitio
428 2983 542 3067 potior,
565 2984 794 3063 incubuissent,
817 2994 912 3070 auget
932 2985 1016 3049 vires
1033 2984 1161 3069 positis-

137 3097 198 3157 que
224 3076 333 3140 castris
360 3076 566 3141 Thubuscum
593 3079 743 3163 oppidum
769 3079 975 3142 circumsidet.
1008 3087 1040 3141 at
1060 3077 1161 3141 Dola-

137 3168 219 3233 bella
246 3179 404 3234 contracto
430 3171 602 3253 quoderat
627 3173 774 3250 militum,
802 3181 917 3236 terrore
938 3172 1073 3256 nominis
1095 3171 1161 3234 Ro-

137 3263 222 3327 mani
252 3272 283 3326 et
308 3264 382 3346 quia
407 3263 561 3329 Numidae
587 3266 728 3351 peditum
760 3266 859 3332 aciem
885 3264 967 3329 ferre
990 3274 1159 3347 nequount,

137 3357 237 3441 primo
260 3357 309 3420 sui
326 3357 453 3421 incessu
475 3358 568 3422 solvit
585 3358 741 3423 obsidium
762 3359 964 3440 locorumque
986 3367 1162 3442 opportuna

136 3451 338 3533 permunivit3
367 3451 459 3515 simul
483 3452 639 3536 principes
665 3450 928 3516 Musulamiorum
954 3451 1161 3515 defectionem

138 3554 316 3627 coeptantes
344 3536 445 3608 securi
470 3545 612 3629 percutit.
644 3545 716 3608 dein
737 3545 810 3628 quia
830 3544 972 3630 plmibus
995 3545 1161 3608 adversum

139 3636 370 3701 Tacfarinatem
382 3637 631 3723 expeditionibus
650 3638 819 3723 cognitum,
837 3661 900 3703 non
917 3637 1006 3724 gravi
1022 3658 1081 3700 nec
1098 3659 1161 3700 uno

137 3730 264 3800 incursu
286 3732 529 3796 consectandum
551 3732 673 3797 hostem
695 3750 825 3818 vagum,
849 3732 950 3797 excito
973 3753 1045 3795 cum
1061 3752 1162 3815 popu-

137 3824 254 3890 laribus
276 3847 351 3911 rege
372 3825 553 3891 Ptolemaeo
575 3836 721 3910 quattuor
743 3827 869 3912 agmina
889 3834 991 3911 parat,
1015 3846 1095 3908 quae
1117 3822 1162 3886 le-

138 3921 219 4002 gatis
250 3930 304 3985 aut
333 3920 464 3986 tribunis
496 3922 582 3998 data3
614 3933 644 3986 et
669 3923 880 4007 praedatorias
910 3943 1023 3985 manus
1050 3917 1161 3982 delecti

88 4031 120 4079 aa
138 4011 322 4078 Maurorum
348 4015 478 4079 duxere:
504 4016 572 4099 ipse
598 4015 754 4080 consultor
779 4017 886 4081 aderat
912 4013 1066 4080 omnibus.
1101 4032 1160 4074 neo

139 4106 235 4171 multo
256 4115 329 4192 post
350 4107 489 4172 adfertur
505 4107 657 4173 Numidas
680 4110 763 4191 apud
784 4110 947 4175 castellum
965 4107 1158 4180 semirutum,

115 4374 153 4583 l
