2760 4874
411 304 618 364 ANNALIUM
634 306 708 361 LIB.
723 306 760 361 H.
779 308 898 362 72-77.
1121 297 1162 362 75

135 411 157 450 p.
169 398 212 439 cu.
222 399 257 437 ra.

137 464 362 546 tiochensium,
385 463 439 546 qui
457 463 544 528 locus
568 463 745 548 sepulturae
763 464 990 544 destinabatur,
1010 468 1164 552 praetule-

136 562 218 626 ritne
236 557 381 623 veneficii
399 557 498 643 signa,
516 580 627 643 parum
645 557 797 636 constitit;
815 582 889 622 nam
906 571 940 624 ut
957 562 1026 643 quis
1045 563 1164 628 miseri-

137 654 248 720 cordia
259 653 294 717 in
308 649 531 717 Germanicum
545 662 575 716 et
587 661 788 736 praesumpta
801 652 977 737 suspicione
991 665 1045 719 aut
1057 656 1164 720 favore

137 747 171 810 in
188 747 341 812 Pisonem
358 745 497 830 pronior,
515 745 631 810 diversi
647 745 935 830 interpretabantur.

205 840 428 907 Consultatum
445 839 518 903 inde
539 839 619 903 inter
636 839 757 924 legatos
779 840 894 923 quiquc
917 841 969 905 alii
988 851 1165 908 senatorum
1185 868 1215 914 rs

138 937 284 1011 aderant,
307 933 451 1016 quisnam
471 931 582 1018 Syriae
603 934 835 1018 praeficeretur3
858 947 890 998 et
912 936 1022 1000 ceteris
1044 937 1166 1003 modice

138 1029 235 1106 nisis,-
257 1029 338 1091 inter
355 1026 485 1090 Vibium
502 1025 646 1098 Marsum
668 1037 700 1091 et
718 1026 777 1092 Cn.
802 1025 948 1093 Sentium
968 1030 1022 1093 diu
1043 1032 1167 1112 quaesi-

139 1135 223 1200 tum3
246 1121 320 1185 dein
342 1120 469 1186 Marsus
493 1121 606 1186 seniori
622 1131 659 1184 et
681 1123 782 1186 acrius
805 1124 943 1186 tendenti
962 1121 1071 1188 Sentio
1093 1146 1167 1190 cou-

140 1217 251 1294 cessit3
274 1216 364 1298 isque
386 1214 536 1281 infamem
554 1215 711 1280 veneficiis
734 1239 772 1280 ea
788 1215 820 1280 in
842 1217 1002 1302 provincia
1024 1228 1054 1282 et
1071 1217 1167 1283 Plau-

140 1313 231 1377 cinae
252 1331 427 1395 percaram,
451 1309 575 1373 nomine
597 1308 781 1395 Martinam,
804 1310 837 1373 in
859 1310 967 1376 urbem
990 1312 1088 1389 misit,
1110 1334 1167 1397 po-

140 1404 330 1473 stulantibus
349 1403 476 1468 Vitellio
499 1404 691 1470 acVeranio
713 1406 885 1490 ceterisque
908 1408 963 1490 qui
985 1408 1113 1472 crimina
1136 1419 1165 1472 et

140 1499 373 1566 accusationem
403 1508 562 1582 tamquam
588 1500 738 1566 adversus
768 1511 909 1586 receptos
935 1501 998 1565 iam
1023 1524 1093 1567 reos
1119 1502 1167 1566 in-

141 1592 312 1660 struebant.

159 1715 161 1718 ⁴
206 1685 443 1773 AtAgrippina‚
453 1687 777 1771 quamquamdefessa
787 1689 874 1754 luctu
885 1699 915 1753 et
924 1713 1051 1776 corpore
1061 1713 1164 1777 aegra,
1185 1711 1216 1757 75

140 1781 487 1863 omniumtamenquae
500 1781 647 1845 ultionem
662 1793 855 1847 morarentur
866 1783 1044 1863 intolerans,
1059 1808 1167 1850 ascen-

140 1874 188 1954 dit
214 1876 348 1941 classem
377 1897 450 1940 cum
479 1875 634 1940 cineribus
661 1873 840 1948 Germanici
867 1887 899 1942 et
923 1878 1042 1956 liberis,
1073 1879 1166 1943 mise-

140 1969 283 2047 rantibus
301 1969 420 2034 cunctis
438 1970 523 2060 quod
540 1969 657 2034 femina
674 1970 834 2036 nobilitate
851 1972 1005 2056 princeps,
1023 1973 1166 2058 pulcher-

141 2066 221 2132 rimo
236 2065 329 2136 modo
344 2066 539 2130 matrimonio
551 2066 631 2131 inter
644 2067 828 2140 venerantis
839 2067 1051 2152 gratantisque
1069 2067 1166 2150 aspici

144 2160 250 2236 solita,
273 2170 348 2224 tunc
370 2159 475 2224 feralis
498 2160 644 2242 reliquias
668 2159 739 2224 sinu
760 2159 867 2236 ferret,
891 2160 1008 2222 incerta
1029 2159 1165 2236 ultionis,

143 2255 236 2320 anxia
255 2255 303 2319 sui
321 2263 351 2318 et
368 2254 484 2319 infelici
501 2255 691 2319 fecunditate
708 2254 851 2318 fortunae
870 2253 982 2318 totiens
1001 2252 1144 2318 obnoxia.

183 2352 187 2357 ’
207 2347 357 2413 Pisonem
370 2348 492 2412 interim
506 2349 590 2432 apud
605 2348 708 2419 Coum
726 2348 860 2412 insulam
878 2347 1005 2412 nuntius
1023 2347 1167 2429 adsequi-

144 2457 195 2509 tur
220 2444 393 2514 excessisse
421 2441 657 2522 Germanicum3
684 2466 747 2527 quo
773 2444 1014 2528 intemperanter
1039 2452 1167 2527 accepto

144 2539 419 2615 caeditvictimas,
439 2540 503 2603 adit
526 2539 654 2624 templa,
677 2554 778 2622 neque
800 2538 868 2623 ipse
891 2538 1041 2623 gaudium
1060 2538 1167 2602 mode·
1207 2571 1212 2575 ·

119 2644 124 2651 '
143 2657 217 2699 rans
236 2641 267 2697 et
283 2632 384 2718 magis
402 2633 607 2698 insolescente
620 2632 780 2710 Plancina,
799 2655 879 2715 quae
897 2632 1016 2696 luctum
1034 2632 1167 2697 amissae

144 2727 259 2793 sororis
278 2738 344 2791 tum
366 2727 502 2812 primum
523 2728 604 2793 laeto
623 2729 708 2792 cultu
729 2728 869 2795 mutavit.
888 2728 1075 2793 adfluebant
1097 2749 1168 2792 cen·
1187 2747 1217 2793 76

144 2822 283 2887 tnriones
305 2821 549 2908 monebantque,
572 2833 717 2908 prompta
738 2822 782 2885 illi
799 2821 959 2908 legionum
982 2822 1098 2888 studia:
1121 2843 1169 2886 re-

143 2925 264 3002 peteret
288 2916 480 3000 provinciam
506 2939 570 2981 non
594 2915 662 2980 iure
684 2915 819 2980 ablatam
846 2926 877 2980 et
902 2939 1043 2985 vacuam.
1074 2916 1169 3001 igitur

144 3011 222 3094 quid
239 3011 396 3096 agendum
421 3009 609 3075 consultanti
626 3009 672 3074 M.
691 3009 768 3074 Piso
785 3010 868 3074 filius
890 3011 1119 3095 properandum
1137 3010 1169 3073 in

144 3105 256 3171 urbem
273 3105 435 3170 censebat:
453 3105 530 3182 nihil
548 3105 650 3170 adhuc
668 3104 854 3189 inexpiabile
868 3105 1048 3181 admissum,
1065 3125 1169 3189 neque

145 3201 340 3285 suspiciones
353 3194 513 3265 inbecillas
528 3210 581 3264 aut
594 3200 813 3270 inaniafamae
827 3199 1088 3285 pertimescenda3
1107 3197 1170 3259 dis-

49 3308 53 3315 '
145 3295 285 3360 cordiam
316 3317 391 3380 erga
414 3292 639 3360 Germanicum
668 3295 739 3358 odio
771 3294 904 3358 fortasse
934 3293 1076 3378 dignam,
1108 3313 1170 3355 non

145 3412 261 3477 poena3
277 3399 308 3453 et
322 3390 518 3475 ademptione
531 3389 707 3474 provinciae
723 3388 916 3453 satisfactum
926 3385 1072 3450 inimicis:
1087 3385 1171 3467 quod

147 3485 175 3550 si
193 3485 415 3570 regrederetur,
435 3482 605 3548 obsistente
621 3481 730 3548 Sentio
744 3482 834 3546 civile
851 3480 967 3545 bellum
985 3478 1094 3562 incipi3
1113 3501 1171 3542 nec

147 3579 312 3642 duraturos
334 3577 528 3663 inpartibus
551 3577 745 3642 centuriones
768 3576 957 3658 militesque,
985 3573 1070 3657 apud
1091 3595 1170 3655 quos

146 3693 256 3736 reeens
274 3666 467 3756 imperatoris
487 3671 534 3736 sui
553 3671 701 3735 memoria
719 3679 749 3733 et
766 3669 889 3754 penitus
908 3667 1021 3732 infixus
1040 3666 1073 3732 in
1091 3665 1172 3731 Cae·

149 3787 235 3830 sares
254 3788 341 3830 amor
357 3765 557 3851 praevaleret.
581 3774 687 3830 contra
704 3763 863 3828 Domitius
884 3761 988 3839 Celer,
1009 3784 1048 3826 ex
1064 3761 1172 3825 intima
1192 3778 1220 3826 77

149 3859 217 3924 eius
241 3852 390 3935 amicitia,
413 3860 572 3934 disseruit,
597 3857 747 3922 utendum
770 3866 896 3921 eventu:
922 3856 1086 3932 Pisonem,
1109 3879 1172 3920 non

152 3951 296 4018 Sentium
316 3951 426 4038 Syriae
443 3953 668 4038 praepositum3
686 3951 759 4016 huic
776 3951 879 4019 fasces
898 3961 928 4016 et
945 3947 994 4016 ius
1011 3946 1171 4036 praetoris,

151 4046 224 4112 huic
240 4046 381 4133 legiones
400 4047 503 4112 datas:
522 4047 549 4112 si
566 4046 642 4130 quid
659 4045 771 4112 hostile
789 4046 926 4133 ingruat,
949 4068 1043 4130 quem
1060 4045 1172 4111 iustius
