2760 4874
264 376 325 439 172
607 385 791 445 couuann
809 387 940 443 rmern
1012 365 1020 378 ‘

1179 492 1200 521 ι.
1211 494 1233 522 u.
1244 485 1288 524 788.

262 545 399 628 equitare
418 544 538 620 castris,
557 543 715 609 infensare
732 544 861 629 pabula3
880 567 917 610 ac
935 567 1029 632 saepe
1042 547 1076 612 in
1088 550 1222 613 modum
1235 550 1290 615 ob-

262 640 332 703 sidii
359 638 543 704 stationibus
570 638 729 724 cingebat,
762 639 862 705 donec
887 639 999 706 Parthi
1027 644 1289 728 contumeliarum
1312 706 1315 715 ,

260 732 430 799 insolentes
448 733 712 798 circumsisterent
727 755 845 818 regem,
862 744 1029 819 poscerent
1044 737 1211 822 proelium.
1244 748 1290 802 at-

260 849 322 910 que
335 828 395 892 illis
410 827 478 892 sola
490 827 523 891 in
540 827 643 910 equite
656 827 718 892 vis:
736 826 968 893 Pharasmanes
985 840 1017 893 et
1029 831 1134 914 pedite
1147 831 1289 911 valebat3

260 946 334 987 nam
356 921 469 987 Hiberi
485 920 666 1005 Albanique
688 921 843 988 saltuosos
860 921 947 988 locos
965 923 1137 990 incolentes
1155 926 1290 992 duritiae

259 1016 488 1102 patientiaeque
506 1016 607 1101 magis
624 1015 802 1093 insuevere,
821 1016 986 1101 lenmtque
1004 1039 1038 1083 se
1056 1019 1223 1085 Thessalis
1240 1042 1291 1085 or-

261 1124 325 1188 tos,
350 1133 412 1194 qua
430 1119 614 1195 tempestate
632 1109 706 1174 Iaso
728 1119 801 1195 post
822 1120 964 1176 avectam
981 1111 1131 1178 Medeam
1148 1115 1290 1200 genitos·

261 1227 322 1286 que
340 1226 380 1268 ex
397 1226 435 1268 ea
452 1203 568 1268 liberos
590 1203 715 1267 inanem
732 1226 808 1269 mox
824 1205 944 1291 regiam
961 1204 1084 1272 Aeetae
1105 1228 1289 1292 vacuosque

262 1298 399 1362 Colchos
422 1297 580 1382 repetivit3
606 1298 767 1380 multaque
788 1298 828 1362 de
849 1298 975 1364 nomine
1002 1299 1070 1365 eius
1092 1309 1125 1364 et
1146 1302 1289 1367 oraclum

260 1390 370 1455 Phrixi
388 1389 559 1467 celebrant3
586 1412 645 1454 nec
662 1390 830 1474 quisquam
847 1392 942 1457 ariete
961 1393 1198 1471 sacrificaverit,
1223 1417 1289 1460 cre-

260 1485 325 1549 dito
351 1484 475 1551 vexisse
492 1482 660 1562 Phrixum,
688 1484 755 1548 sive
776 1484 808 1548 id
830 1486 946 1551 animal
969 1509 1025 1551 seu
1047 1488 1138 1552 navis
1160 1488 1289 1574 insigne

260 1578 328 1642 fuit.
360 1589 497 1642 ceterum
527 1578 645 1642 directa
674 1577 830 1661 utrimque
860 1580 926 1644 acie
951 1578 1092 1645 Parthus
1119 1580 1288 1666 imperium

261 1668 416 1746 Orientis,
439 1670 653 1734 claritudinem
675 1670 900 1735 Arsacidarum
922 1683 1091 1757 contraque
1112 1673 1288 1760 ignobilem

260 1763 415 1828 Hiberum
432 1765 622 1829 mercenario
640 1765 737 1828 milite
755 1764 942 1843 disserebat3
960 1765 1194 1832 Pharasmanes
1208 1768 1288 1833 intc-

259 1882 332 1946 gros
352 1868 450 1922 semet
467 1883 487 1923 a
504 1859 651 1924 Parthico
669 1860 843 1937 dominatu,
863 1870 979 1943 quanto
996 1861 1115 1927 maiora
1131 1870 1287 1946 peterent,

260 1955 330 2039 plus
356 1954 477 2019 decoris
499 1954 632 2020 victores
652 1965 719 2032 aut,
746 1955 774 2020 si
796 1962 888 2041 terga·
906 1956 1029 2034 darent,
1056 1956 1168 2043 flagitii
1191 1968 1288 2042 atque

259 2047 388 2133 periculi
405 2047 537 2125 laturos3
557 2048 650 2113 simul
666 2048 824 2113 horridam
842 2072 970 2114 suorum
983 2049 1092 2128 aciem,
1109 2051 1198 2136 picta
1210 2074 1288 2118 auro

259 2140 426 2205 Medorum
453 2141 593 2226 agmina3
620 2141 693 2205 hinc
711 2142 808 2219 viros,
834 2142 908 2207 inde
932 2144 1083 2229 praedam
1108 2145 1286 2211 ostendere.

209 2239 239 2285 41
259 2234 417 2299 enimvero
435 2235 520 2320 apud
539 2232 701 2300 Sarmatas
724 2257 788 2299 non
805 2258 868 2305 una
885 2259 948 2301 vox
966 2236 1069 2301 ducis:
1097 2238 1288 2322 aequisque

205 2304 246 2351 (³⁵)
260 2329 419 2395 stimulant
436 2351 475 2393 ne
487 2351 628 2415 pugnam
640 2351 697 2414 per
710 2329 841 2415 sagittas
855 2330 1004 2397 sinerent:
1021 2330 1142 2416 impetu
1155 2340 1186 2395 et
1200 2353 1288 2397 com-

259 2422 362 2488 minus
388 2423 662 2507 praevenicndum.
698 2423 802 2487 variae
832 2423 905 2488 hinc
936 2423 1119 2489 bellantium
1151 2426 1286 2509 specics,

260 2538 331 2579 cum
344 2514 480 2579 Parthus
500 2515 589 2598 sequi
607 2514 657 2579 vel
675 2514 785 2600 lugere
802 2516 871 2600 pari
887 2525 953 2581 arte
971 2526 1079 2581 suetus
1097 2517 1288 2583 distraheret

260 2620 387 2686 turmas,
408 2610 542 2693 spatium
564 2609 678 2674 ictibus
695 2607 1049 2713 quaererQSarmatac
1067 2611 1185 2676 omisso
1200 2634 1286 2688 arcu,

260 2724 321 2783 quo
339 2702 465 2766 brevius
483 2702 596 2779 valent,
615 2703 714 2766 contis
732 2698 907 2788 gladiisque
924 2713 1063 2781 ruerent3
1082 2704 1177 2768 modo
1191 2726 1288 2789 eque-

261 2796 332 2858 stris
350 2795 459 2879 proelii
476 2818 561 2860 more
580 2796 692 2861 frontis
711 2807 742 2860 et
759 2797 839 2885 tergi
852 2798 947 2874 vices,
966 2798 1143 2881 aliquando,
1163 2807 1200 2862 ut
1212 2820 1287 2863 con-

261 2897 343 2950 serta
360 2887 453 2963 acies,
472 2888 652 2972 corporibus
672 2899 703 2953 et
719 2891 812 2974 pulsu
830 2913 986 2954 armorum
1003 2890 1169 2975 pellerent,
1187 2891 1288 2976 pelle-

260 2988 380 3057 rentur;
402 2980 527 3063 iamque
545 2991 576 3044 ct
593 2980 712 3047 Albani
729 2983 904 3066 Hiberique
921 2980 1084 3067 prensare,
1108 2984 1286 3062 detrudere,

222 3096 224 3103 ·
260 3073 428 3157 ancipitem
444 3096 584 3159 pugnam
601 3074 744 3140 hostibus
762 3075 880 3152 facere,
903 3099 982 3159 quos
1001 3098 1097 3162 super
1114 3080 1238 3161 equites
1257 3087 1288 3142 et

260 3165 456 3251 propioribus
482 3168 662 3233 vulneribus
693 3170 813 3253 pedites
843 3168 1052 3234 adflictabant.
1097 3170 1180 3234 inter
1204 3193 1287 3254 quae
1350 3158 1370 3243 ';

260 3260 490 3326 Pharasmanes
510 3259 711 3344 Orodesque,
734 3263 810 3326 dum
829 3263 972 3345 strenuisx
985 3263 1100 3326 adsunt
1121 3272 1177 3327 aut
1194 3264 1288 3330 dubi-

261 3355 398 3420 tantibus
413 3355 610 3432 subveniunt,
626 3357 791 3441 conspicui
809 3377 907 3439 eoque
920 3357 1018 3442 gnari,
1038 3355 1184 3434 clamore,
1204 3357 1286 3434 telis,

261 3449 350 3532 equis
364 3459 576 3528 concurram,
603 3451 769 3514 instantius
795 3450 1041 3514 Pharasmanes:
1067 3471 1143 3514 nam
1170 3451 1287 3516 vulnus

261 3567 317 3629 per
338 3545 460 3630 galeam
482 3545 601 3629 adegit3
627 3567 685 3609 nec
706 3545 817 3608 iterare
835 3544 946 3621 valuit,
973 3543 1131 3629 praelatus
1155 3565 1240 3628 equo
1258 3554 1289 3609 et

262 3638 439 3702 fortissimis
459 3639 625 3702 satellitum
643 3637 878 3723 protegentibus
897 3638 1052 3714 saucium3
1076 3636 1162 3702 fama
1180 3647 1288 3702 tamen

262 3731 358 3795 occisi
379 3724 459 3796 falso
486 3732 603 3797 credita
629 3732 777 3795 exterruit
799 3730 933 3796 Parthos
959 3730 1185 3814 victoriamque
1213 3754 1288 3798 con·

263 3846 394 3888 cessere.

212 3926 244 3972 42
326 3917 406 3982 Mox
423 3918 604 3985 Artabanus
623 3929 687 3985 tota
704 3920 785 3985 mole
807 3921 895 4006 regni
917 3920 1017 3984 ultum
1035 3920 1079 3984 iit.
1111 3919 1226 4003 peritia
1243 3920 1288 3984 lo-

184 4068 188 4074 .
207 3993 249 4039 (³⁶)
263 4012 427 4077 corumab
441 4012 568 4078 Hiberis
587 4014 698 4078 melius
716 4022 903 4099 pugnatum
922 4036 981 4078 nec
999 4014 1069 4078 ideo
1082 4011 1285 4090 abscedebat,

262 4102 295 4166 ni
313 4106 477 4170 contractis
495 4105 670 4191 legionibus
688 4106 834 4173 Vitellius
853 4118 884 4172 et
903 4108 1027 4173 subdito
1045 4129 1185 4185 rumore,
1205 4116 1286 4172 tam·
