2760 4874
227 388 291 454 280
577 395 760 452 CORNELII
772 395 901 452 Tuom

1144 496 1164 528 a.
1175 499 1196 528 u.
1207 490 1251 530 815.

226 567 280 623 aut
297 556 401 621 animo
418 563 592 640 promptos,
615 562 782 639 postquam
799 554 888 618 iussa
904 553 1028 619 efficere
1046 556 1254 639 nequiverint,
1323 608 1329 618 .

225 651 267 714 ad
285 672 357 736 spes
376 671 473 713 novas
492 648 651 712 transisse.
674 670 755 711 vana
772 647 864 725 haec,
883 670 969 713 more
985 649 1104 727 famae,
1124 651 1255 715 creden-

225 745 303 813 tium
330 743 392 808 otio
415 740 623 828 augebantur3
651 752 789 805 ceterum
815 740 945 805 libertus
966 741 1073 807 Plauti
1095 744 1254 809 celeritate

225 847 389 901 ventorum
415 836 577 922 praevenit
599 835 811 899 centurionem
833 845 865 899 et
886 836 1033 901 mandata
1054 837 1096 902 L.
1119 836 1253 902 Antistii

226 931 325 995 soceri
338 931 452 996 attulit:
467 929 619 1015 effugeret
632 950 762 1014 segnem
774 938 915 1006 mortem,
930 930 1053 994 obvium
1067 931 1251 1017 suffugium,

225 1035 256 1089 et
278 1024 384 1110 magni
405 1023 539 1087 nominis
562 1023 761 1087 miseratione
782 1033 977 1109 repertmum
998 1023 1112 1101 bonos,
1140 1047 1253 1090 conso-

224 1118 377 1182 ciatmum
386 1116 535 1192 audaces3
549 1116 670 1179 nullum
679 1116 801 1179 interim
808 1116 991 1181 ‘subsidium
1004 1119 1252 1203 aspernandum:

170 1270 188 1299 ,
225 1211 252 1274 si
271 1209 434 1295 sexaginta
451 1209 565 1273 milites
583 1244 625 1256 —-
643 1218 688 1273 tot
705 1209 788 1274 enim
811 1210 1018 1275 adveniebant
1034 1249 1077 1258 -
1093 1212 1253 1297 propulis-

225 1314 286 1380 set,
309 1304 384 1366 dum
406 1302 539 1366 refertur
560 1302 689 1365 nuntius
711 1301 842 1380 Neroni,
865 1304 942 1367 dum
963 1327 1075 1368 manus
1097 1305 1160 1369 alia
1180 1328 1253 1391 per-

224 1406 320 1472 meat,
343 1394 442 1459 multa
464 1403 608 1460 secutura
625 1395 705 1478 quae
728 1396 870 1479 adusque
887 1396 1005 1460 bellum
1028 1397 1250 1463 evalescerent.

224 1491 357 1573 denique
375 1500 428 1554 aut
447 1489 579 1570 salutem
597 1489 651 1553 tali
669 1490 799 1554 consilio
817 1491 933 1574 quaeri,
953 1501 1008 1556 aut
995 1491 1101 1555 tnihil
1119 1493 1251 1578 gravius

224 1580 351 1647 audenti
368 1605 463 1666 quam
481 1582 596 1668 ignavo
613 1583 794 1668 patiendum
811 1606 892 1649 esse.

173 1701 204 1747 ao
289 1675 354 1742 Sed
372 1675 520 1739 Plautum
543 1698 661 1739 canon
683 1699 821 1755 movere,
846 1679 912 1743 sive
930 1679 1048 1743 nullam
1066 1701 1161 1765 opem
1177 1703 1252 1766 pro·

215 1768 374 1833 'videbat
365 1769 494 1832 mermis
512 1778 605 1852 atque
623 1769 710 1846 exul,
730 1793 787 1835 seu
804 1771 907 1835 taedio
926 1772 1093 1858 ambiguae
1111 1773 1190 1859 spei,
1210 1797 1254 1837 an

223 1885 328 1928 amore
355 1885 497 1948 conrums
520 1873 552 1928 e
539 1863 757 1942 tlibemrnm,
784 1865 899 1948 quibus
924 1866 1159 1952 placabiliorem
1180 1860 1251 1932 fore

222 1957 395 2044 principem
417 1956 505 2021 rebat
493 1967 543 2021 tur
564 1958 651 2022 nulla
673 1959 785 2022 sollicit
787 1960 880 2025 udine
903 1959 1007 2024 turba
995 1971 1070 2024 um.
1099 1970 1173 2025 sunt
1194 1961 1251 2045 qui

222 2052 300 2117 alios
319 2075 338 2115 a
356 2050 463 2116 socero
480 2051 606 2116 nuntios
620 2052 744 2116 venisse
763 2052 873 2130 ferant,
891 2064 1051 2138 tamquam
1064 2055 1142 2118 nihil
1160 2064 1250 2120 atrox

221 2146 410 2222 immineret;
428 2146 633 2229 doctoresque
648 2147 826 2232 sapientiae,
842 2146 1021 2213 Coeranum
1035 2146 1159 2225 Graeci,
1173 2147 1250 2212 Mu·
1297 2166 1309 2185 ·

145 2229 148 2239 ’
223 2240 345 2303 scnium
360 2239 458 2303 Tusci
470 2240 604 2326 generis,
623 2241 829 2305 constantiam
843 2240 1050 2326 opperiendae
1063 2242 1178 2306 mortis
1190 2265 1249 2326 pro

221 2333 339 2397 incerta
357 2343 388 2396 et
401 2334 521 2419 trepida
535 2334 598 2398 vita
612 2333 765 2398 suasisse:
783 2345 924 2420 repertus
941 2345 991 2399 est
1008 2344 1090 2400 certe
1107 2357 1166 2420 per
1182 2358 1249 2400 me-

222 2427 308 2490 dium
327 2426 389 2490 dici
406 2428 510 2490 nudus
529 2428 727 2492 exercitando
745 2427 881 2513 corpori3
903 2428 998 2492 talem
1016 2451 1088 2493 eum
1107 2429 1248 2506 centurio

221 2521 386 2584 trucidavit
403 2543 508 2608 coram
521 2519 681 2607 Pelagone
700 2522 847 2606 spadone,
867 2544 960 2604 quem
972 2521 1056 2587 Nero
1074 2523 1248 2587 centurioni

222 2623 253 2677 et
274 2614 433 2699 manipulo
456 2615 548 2698 quasi
570 2614 754 2679 satellitibus
778 2613 954 2678 ministrum
975 2616 1098 2700 regium
1114 2638 1248 2700 praepo-

222 2719 334 2771 suerat.
367 2719 460 2792 caput
485 2709 640 2773 interfecti
659 2710 812 2787 'relatum3
845 2709 933 2772 cuius
961 2720 1090 2794 aspectu
1113 2711 1248 2795 —ipsa

219 2800 367 2884 principis
399 2799 495 2864 verba
524 2802 658 2865 referam
685 2841 727 2849 —
754 2807 857 2881 „cur“
889 2803 989 2886 inquit
1015 2801 1032 2836 ¹*
1046 2801 1063 2836 *
1077 2801 1094 2836 *
1109 2802 1126 2836 *
1151 2803 1246 2880 Ner0,

221 2902 252 2955 et
276 2893 385 2974 posito·
406 2903 491 2955 metu
517 2895 641 2978 nuptias
669 2894 837 2979 Poppaeae
863 2894 903 2960 ob
931 2896 1085 2960 eiusmodi
1111 2906 1245 2960 terrores

221 2986 332 3049 dilatas
365 2996 519 3050 maturare
549 2997 639 3072 parat
667 2987 895 3074 Octaviamque
922 2991 1088 3076 coniugem
1114 2991 1245 3065 amoliri,

221 3081 364 3163 quamvis
392 3081 680 3167 modeste‘ageret,
712 3084 837 3148 nomine
867 3084 964 3169 patris
991 3094 1022 3147 et
1048 3084 1160 3147 studiis
1188 3107 1245 3169 po-

220 3175 286 3260 puli
303 3199 441 3260 gravem.
466 3176 523 3239 sed
540 3177 581 3240 ad
600 3187 743 3240 senatum
760 3178 878 3241 litteras
897 3177 987 3241 misit'
1000 3178 1039 3241 de
1057 3180 1152 3242 caede
1173 3177 1247 3242 Sul-
1320 3184 1322 3186 ’

220 3268 268 3332 lac
286 3267 452 3352 Plautique
470 3270 556 3334 haud
574 3269 753 3347 confessus,
776 3293 885 3334 verum
907 3271 1068 3353 utriusque
1086 3271 1246 3335 turbidum

220 3359 380 3448 ingenium
399 3385 483 3440 esse,
508 3374 538 3427 et
557 3363 616 3427 sibi
634 3364 879 3428 incolumitatem
900 3364 946 3427 rei
966 3363 1110 3462 publicae
1129 3387 1247 3450 magna

213 3477 295 3540 vcura
307 3455 423 3519 haberi.
443 3457 585 3520 decretae
600 3479 637 3520 eo
647 3457 771 3520 nominc
782 3456 944 3541 supplicat
935 3479 1033 3534 mnae,
1048 3466 1144 3539 utque
1156 3456 1248 3523 Sulla

221 3548 367 3612 ettPlau
355 3560 405 3612 tus
429 3560 538 3613 senatu
561 3560 759 3614 moverentur
721 3550 994 3635 ur,gravioribus
1016 3559 1081 3614 tum
1102 3550 1246 3615 ludibriis

221 3664 316 3725 quam
334 3644 503 3707 malis.

171 3757 203 3804 oo
285 3736 386 3821 Igitur
400 3747 530 3822 accepto
548 3748 672 3823 patrum
690 3739 812 3803 consult
801 3749 845 3814 to,
863 3749 1031 3823 postquam
1048 3748 1161 3805 cuncta
1180 3761 1256 3804 sce--

220 3831 320 3893 lerum
344 3854 472 3896 suorum
493 3855 555 3916 pro
572 3832 708 3919 egregiis
732 3832 831 3917 accipi
854 3833 952 3910 videt,
980 3831 1124 3896 exturbat
1149 3829 1248 3897 Octa

220 3925 318 4002 viam,
343 3926 478 3991 sterilem
500 3927 653 4012 dictitans.
682 3926 765 3990 exim
782 3925 950 4011 Poppaeae
973 3925 1185 4010 coniungitur:
1210 3950 1248 3991 ea

220 4017 275 4080 diu
291 4019 402 4101 paelex
420 4028 451 4082 et
468 4020 598 4083 adulteri
616 4021 763 4097 Neronis,
787 4043 861 4084 mox
878 4020 980 4084 mariti
997 4029 1123 4104 potens,
1148 4041 1248 4102 quen-

221 4112 294 4173 dam
316 4133 355 4172 cx
380 4112 530 4189 ministris
553 4111 704 4178 Octaviae
730 4113 853 4199 impulit
880 4113 1023 4178 servilem
1050 4113 1079 4178 ei
1105 4134 1246 4177 amorem
