2760 4874
397 391 604 450 ANNALIUM
622 391 695 447 LIB.
709 393 758 449 IV.
776 394 894 448 61-66.
1099 381 1161 446 145
1247 381 1251 388 ⁸

136 501 158 540 p.
169 488 210 529 Oh.
220 488 253 528 ll.

136 557 261 631 obruta,
282 572 452 617 concursus
471 549 511 613 ad
529 550 688 614 exanimos
707 549 992 634 complectentium,
1016 552 1160 616 osculan-

137 651 229 726 tium;
248 656 279 712 et
293 667 387 734 saeue
401 654 566 721 certamen,
586 668 613 708 s1
603 643 784 708 confusior
796 644 903 722 facies,
923 646 979 710 sed
992 668 1049 731 par
1062 645 1162 711 forma

137 752 191 809 aut
213 729 299 806 aetas
326 760 461 804 errorem
491 738 682 823 adgnoscent
670 736 753 801 tibus
781 736 906 801 fecerat
938 739 1162 825 quinquaginta

137 836 299 902 hominum
311 833 397 898 milia
410 854 454 896 eo
461 853 537 895 casu
551 830 658 895 debilit
647 838 710 894 tata
723 829 774 894 vel
786 830 899 895 obtrita
917 841 1003 909 ιιιιιις
1022 841 1162 896 cautum-

137 952 198 1014 que
221 930 436 1014 inposterum
463 935 589 989 senatus
615 922 759 988 consulto
780 945 820 987 ne
846 924 916 1006 quis
943 924 1162 1010 gladiatorium

137 1044 251 1088 munus
278 1022 397 1098 ederet,
429 1019 480 1084 cui
507 1018 606 1082 minor
632 1016 928 1102 quadringentorum
954 1018 1075 1082 milium
1099 1041 1161 1094 res,

138 1139 218 1183 neve
236 1114 499 1200 amphitheatrum
520 1113 731 1197 imponeretur
746 1111 808 1175 nisi
826 1111 892 1176 solo
913 1111 1068 1177 firmitatis
1091 1134 1162 1196 spe-

138 1220 201 1276 ctat
202 1231 248 1274 ae.
270 1208 387 1272 Atilius
401 1207 434 1289 in
447 1206 575 1270 exilium
592 1214 679 1269 actus
698 1213 755 1269 est.
779 1213 916 1269 ceterum
930 1205 988 1270 sub
1006 1214 1163 1270 recentem

138 1305 260 1370 cladem
276 1312 404 1387 patuere
421 1322 585 1386 procerum
607 1300 733 1376 domus,
757 1299 895 1364 fomenta
913 1309 944 1364 et
931 1300 1074 1363 tmedici
1090 1315 1163 1385 pas*

139 1399 199 1463 sim
211 1395 340 1482 praebit
332 1420 352 1473 1,
320 1394 431 1459 tfuit
419 1404 492 1478 tque
505 1392 580 1459 urbs
593 1415 649 1478 per
661 1393 730 1457 illos
745 1393 822 1470 dies,
841 1415 1029 1477 quamquam
1043 1402 1163 1457 maesta

137 1491 232 1568 facie,
254 1497 395 1556 veterum
416 1487 566 1553 institutis
589 1480 713 1564 similis,
740 1487 795 1569 qui
816 1509 932 1573 magna
953 1495 1025 1572 post
1046 1487 1163 1570 proelia

139 1584 265 1650 saucios
278 1582 442 1668 largitione
460 1591 491 1646 et
508 1603 583 1646 cura
601 1580 825 1646 sustentabant.

201 1676 349 1741 Nondum
366 1698 404 1740 ea
421 1675 526 1740 clades
545 1675 734 1751 exoleverat
708 1683 829 1740 tcum
846 1675 929 1760 ignis
947 1648 1094 1739 violentia
1111 1698 1163 1738 ur-
1181 1696 1213 1743 64

138 1770 210 1835 bem
228 1771 308 1834 ultra
332 1770 457 1834 solitum
479 1769 595 1834 adfecit
617 1769 731 1834 deusto
696 1777 855 1834 tmonte
874 1766 997 1846 Caeli03
1020 1769 1163 1834 feralem-

138 1886 199 1947 que
217 1886 333 1928 annum
347 1861 489 1927 ferebant
476 1872 537 1926 tte
525 1861 710 1928 tominibus
725 1863 865 1927 adversis
880 1872 1061 1948 susceptum
1078 1864 1163 1948 prin-

139 1958 201 2042 cipi
214 1957 376 2021 consilium
389 1957 558 2034 absentiae,
574 1957 627 2040 qui
640 1979 708 2022 mos
723 1957 829 2043 vulgo,
844 1957 972 2022 fortuita
984 1957 1025 2021 ad
1039 1957 1162 2042 culpam

138 2051 310 2127 trahentes,
336 2051 368 2114 ni
388 2049 508 2116 Caesar
529 2050 654 2115 obviam
671 2051 749 2115 isset
770 2050 934 2115 tribuendo
955 2050 1103 2135 pecunias
1123 2072 1162 2114 ex

138 2142 232 2210 modo
250 2144 439 2222 detrimenti3
459 2155 608 2228 actaeque
626 2144 656 2208 ei
673 2154 778 2230 grates
797 2145 880 2229 apud
899 2153 1040 2209 senatum
1058 2143 1098 2208 ab
1115 2145 1163 2207 in·

137 2238 287 2304 lustribus
305 2237 452 2322 famaque
469 2239 555 2323 apud
570 2237 732 2323 populum,
744 2236 825 2319 <quia
843 2237 909 2301 sine
924 2237 1091 2301 ambitione
1108 2243 1163 2300 aut

137 2333 350 2417 proximorum
367 2331 511 2416 precibus
525 2332 651 2416 ignotos
670 2330 763 2394 etiam
780 2338 813 2394 et
829 2329 910 2394 ultro
928 2330 1043 2394 accitos
1062 2330 1163 2392 muni-

137 2426 261 2490 ficentia
282 2425 411 2490 iuverat.
439 2424 597 2488 adduntur
619 2424 790 2488 sententiae
810 2432 846 2487 ut
867 2445 957 2488 mons
981 2421 1108 2487 Caelius
1129 2424 1163 2486 in

136 2529 297 2605 posterum
317 2517 485 2605 Augustus
509 2518 730 2603 appellaretur,
757 2517 882 2600 quando
905 2517 1024 2581 cunctis
1047 2517 1162 2580 circum

137 2612 340 2723 flagrantibus
360 2613 427 2678 sola
446 2611 564 2676 Tiberii
582 2610 715 2696 effigies,
735 2611 794 2674 sita
811 2611 844 2674 in
862 2610 955 2674 domo
972 2609 1056 2673 Iunii
1074 2631 1163 2673 sena-

137 2707 223 2783 toris,
232 2706 380 2771 mv1olata
388 2714 570 2771 mansrsse
586 2727 728 2770 evemsse
736 2704 769 2768 sd
778 2703 1161 2786 othlaudraeQumtae,

138 2801 266 2884 eiusque
292 2810 354 2866 stat
354 2823 428 2865 uam
453 2801 517 2864 vim
543 2800 664 2886 ignium
685 2798 735 2865 bis
763 2799 903 2885 elapsam
923 2799 1057 2864 maiores
1080 2797 1163 2882 apud

137 2895 247 2958 aedem
273 2891 381 2958 matris
408 2894 502 2958 deum
528 2895 775 2972 consecravisse,
804 2902 929 2959 sanctos
952 2901 1162 3003 acceptosque

137 2987 317 3070 numinibus
341 2985 564 3065 Claudios,et
533 2989 766 3074 eaugendam
794 2989 1014 3053 caerimoniam
1039 2985 1138 3052 loco⁸
1129 3008 1163 3048 ιιι

137 3103 200 3164 quo
218 3090 284 3146 tant
285 3105 339 3146 um
356 3082 389 3145 in
405 3081 579 3167 principem
595 3081 745 3147 honorem
763 3081 796 3144 di
814 3082 1020 3146 ostenderent.

202 3175 298 3240 Haud
316 3175 409 3240 fuerit
423 3174 594 3240 absurdum
606 3176 728 3239 tradere
746 3185 884 3240 montem
902 3197 973 3238 eum
991 3174 1161 3256 antiquitus
1181 3196 1212 3242 65

139 3267 428 3352 Querquetulanum
451 3279 659 3355 cognomento
677 3269 776 3333 fuisse
795 3267 880 3351 quod
897 3267 967 3332 talis
986 3267 1082 3332 silvae
1101 3266 1162 3330 fre-

137 3384 236 3444 quens
267 3362 481 3446 fecundusquc
513 3373 592 3440 erat,
624 3384 698 3427 mox
731 3361 889 3427 Caelium
904 3361 1117 3446 appellitatum
1143 3370 1162 3423 a

139 3455 235 3520 Caele
256 3454 414 3534 Vibenna,
442 3457 496 3540 qui
518 3457 583 3521 dux
608 3457 711 3543 gentis
734 3456 888 3521 Etruscae
912 3472 986 3520 'cum
1012 3454 1162 3519 auxilium

137 3550 308 3634 appellatus
340 3551 476 3628 tulisset,
513 3551 620 3615 sedem
652 3573 721 3615 eam
753 3557 959 3635 acceperata
991 3547 1161 3630 Tarquinio

137 3643 260 3722 Prisco,
285 3667 341 3709 seu
358 3645 428 3728 quis
447 3644 526 3709 alius
549 3667 660 3732 regum
677 3644 776 3708 dedit:
799 3666 873 3708 nam
891 3641 1056 3727 scriptores
1073 3640 1106 3703 in
1124 3661 1161 3703 eo

137 3737 332 3802 dissentiunt.
358 3747 463 3803 cetera
480 3761 544 3804 non
562 3739 709 3824 ambigua
728 3747 814 3814 sunt,
833 3758 964 3822 magnas
983 3756 1035 3798 eas
1054 3732 1160 3816 copias

136 3832 293 3916 perplana
303 3833 396 3897 etiam
406 3855 443 3898 ao
452 3833 521 3898 foro
529 3833 704 3919 propinqua
713 3830 913 3908 habitavisse,
928 3829 1011 3894 unde
1019 3826 1161 3891 Tuscum

137 3924 242 4005 vicum
258 3925 447 3991 evocabulo
465 3927 657 3991 advenarum
674 3926 801 3990 dictum.

202 4016 268 4082 Sed
286 4029 320 4083 ut
338 4021 442 4085 studia
458 4043 622 4106 procerum
640 4029 672 4085 et
688 4019 811 4105 largitio
827 4017 975 4104 principis
994 4016 1160 4081 adversum
1179 4029 1210 4077 66

137 4132 228 4177 casus
248 4113 393 4179 solatium
411 4115 557 4193 tulerant,
580 4116 624 4180 ita
641 4123 857 4180 accusatorum
878 4112 977 4177 maior
995 4110 1027 4175 in
1045 4110 1111 4174 dies
1129 4116 1161 4172 et

191 4228 261 4278 ιιιιιι
271 4230 339 4275 aar.
951 4221 988 4278 10
1072 4246 1077 4257 ·
