<?xml version="1.0" encoding="UTF-8"?>
<!DOCTYPE html PUBLIC "-//W3C//DTD XHTML 1.0 Transitional//EN"
    "http://www.w3.org/TR/xhtml1/DTD/xhtml1-transitional.dtd">
<html xmlns="http://www.w3.org/1999/xhtml" xml:lang="en" lang="en">
 <head>
  <title>
</title>
<meta http-equiv="Content-Type" content="text/html;charset=utf-8" />
  <meta name='ocr-system' content='tesseract 3.04.00' />
  <meta name='ocr-capabilities' content='ocr_page ocr_carea ocr_par ocr_line ocrx_word'/>
</head>
<body>
  <div class='ocr_page' id='page_1' title='image "./corneliitacitio01haasgoog_0254.png"; bbox 0 0 2760 4874; ppageno 0'>
   <div class='ocr_carea' id='block_1_1' title="bbox 93 373 1114 533">
    <p class='ocr_par' dir='ltr' id='par_1_1' title="bbox 93 373 1114 533">
     <span class='ocr_line' id='line_1_1' title="bbox 200 373 1114 465; baseline 0.002 -22"><span class='ocrx_word' id='word_1_1' title='bbox 200 373 203 380; x_wconf 87' lang='lat'>&#39;</span> <span class='ocrx_word' id='word_1_2' title='bbox 278 388 485 447; x_wconf 73' lang='lat' dir='ltr'>auumruu</span> <span class='ocrx_word' id='word_1_3' title='bbox 501 388 576 445; x_wconf 76' lang='lat' dir='ltr'>ms.</span> <span class='ocrx_word' id='word_1_4' title='bbox 590 391 639 446; x_wconf 78' lang='lat' dir='ltr'>vr</span> <span class='ocrx_word' id='word_1_5' title='bbox 656 389 776 454; x_wconf 69' lang='lat' dir='ltr'>sa-aa.</span> <span class='ocrx_word' id='word_1_6' title='bbox 791 391 933 465; x_wconf 71' lang='lat' dir='ltr'>(ra-46.)</span> <span class='ocrx_word' id='word_1_7' title='bbox 1054 382 1114 446; x_wconf 75' lang='lat'>177</span> 
     </span>
     <span class='ocr_line' id='line_1_2' title="bbox 93 480 797 533; baseline -0.001 -12"><span class='ocrx_word' id='word_1_8' title='bbox 93 480 251 533; x_wconf 60' lang='lat' dir='ltr'>amma</span> <span class='ocrx_word' id='word_1_9' title='bbox 795 495 797 498; x_wconf 56' lang='lat'>&gt;</span> 
     </span>
    </p>
   </div>
   <div class='ocr_carea' id='block_1_2' title="bbox 10 545 1245 4268">
    <p class='ocr_par' dir='ltr' id='par_1_2' title="bbox 10 545 1245 4268">
     <span class='ocr_line' id='line_1_3' title="bbox 93 545 1115 635; baseline 0.006 -23"><span class='ocrx_word' id='word_1_10' title='bbox 93 549 167 633; x_wconf 90' lang='lat' dir='ltr'>quia</span> <span class='ocrx_word' id='word_1_11' title='bbox 192 545 328 633; x_wconf 85' lang='lat' dir='ltr'>plurima</span> <span class='ocrx_word' id='word_1_12' title='bbox 352 546 519 610; x_wconf 70' lang='lat' dir='ltr'>auctoritas</span> <span class='ocrx_word' id='word_1_13' title='bbox 544 568 642 632; x_wconf 88' lang='lat' dir='ltr'>penes</span> <span class='ocrx_word' id='word_1_14' title='bbox 663 546 877 635; x_wconf 78' lang='lat' dir='ltr'>Abdagaesen</span> <span class='ocrx_word' id='word_1_15' title='bbox 903 549 934 615; x_wconf 82' lang='lat' dir='ltr'>et</span> <span class='ocrx_word' id='word_1_16' title='bbox 960 551 1115 619; x_wconf 81' lang='lat' dir='ltr'>Tiridates</span> 
     </span>
     <span class='ocr_line' id='line_1_4' title="bbox 92 638 1115 728; baseline 0.006 -22"><span class='ocrx_word' id='word_1_17' title='bbox 92 644 226 728; x_wconf 87' lang='lat' dir='ltr'>ignavus</span> <span class='ocrx_word' id='word_1_18' title='bbox 245 641 288 704; x_wconf 88' lang='lat' dir='ltr'>ad</span> <span class='ocrx_word' id='word_1_19' title='bbox 302 638 440 724; x_wconf 85' lang='lat' dir='ltr'>pericula</span> <span class='ocrx_word' id='word_1_20' title='bbox 457 649 532 703; x_wconf 90' lang='lat' dir='ltr'>erat.</span> <span class='ocrx_word' id='word_1_21' title='bbox 561 640 729 728; x_wconf 85' lang='lat' dir='ltr'>sed-fugae</span> <span class='ocrx_word' id='word_1_22' title='bbox 747 643 851 727; x_wconf 90' lang='lat' dir='ltr'>specie</span> <span class='ocrx_word' id='word_1_23' title='bbox 868 643 1055 724; x_wconf 83' lang='lat' dir='ltr'>discessum3</span> <span class='ocrx_word' id='word_1_24' title='bbox 1078 669 1115 712; x_wconf 87' lang='lat' dir='ltr'>ac</span> 
     </span>
     <span class='ocr_line' id='line_1_5' title="bbox 91 731 1120 820; baseline 0.005 -21"><span class='ocrx_word' id='word_1_25' title='bbox 91 733 244 820; x_wconf 91' lang='lat' dir='ltr'>principio</span> <span class='ocrx_word' id='word_1_26' title='bbox 266 741 396 818; x_wconf 89' lang='lat' dir='ltr'>agente</span> <span class='ocrx_word' id='word_1_27' title='bbox 413 731 557 796; x_wconf 82' lang='lat' dir='ltr'>Arabum</span> <span class='ocrx_word' id='word_1_28' title='bbox 578 733 663 799; x_wconf 83' lang='lat' dir='ltr'>facto</span> <span class='ocrx_word' id='word_1_29' title='bbox 685 735 779 800; x_wconf 89' lang='lat' dir='ltr'>ceteri</span> <span class='ocrx_word' id='word_1_30' title='bbox 800 735 920 801; x_wconf 87' lang='lat' dir='ltr'>domos</span> <span class='ocrx_word' id='word_1_31' title='bbox 932 737 1048 802; x_wconf 89' lang='lat' dir='ltr'>abeunt</span> <span class='ocrx_word' id='word_1_32' title='bbox 1064 739 1120 818; x_wconf 15' lang='lat' dir='ltr'>vel,</span> 
     </span>
     <span class='ocr_line' id='line_1_6' title="bbox 91 822 1114 918; baseline 0.005 -27"><span class='ocrx_word' id='word_1_33' title='bbox 91 830 125 891; x_wconf 91' lang='lat' dir='ltr'>in</span> <span class='ocrx_word' id='word_1_34' title='bbox 142 837 245 891; x_wconf 90' lang='lat' dir='ltr'>castra</span> <span class='ocrx_word' id='word_1_35' title='bbox 257 825 421 903; x_wconf 82' lang='lat' dir='ltr'>Artabani,</span> <span class='ocrx_word' id='word_1_36' title='bbox 440 827 540 890; x_wconf 90' lang='lat' dir='ltr'>donec</span> <span class='ocrx_word' id='word_1_37' title='bbox 554 827 709 893; x_wconf 83' lang='lat' dir='ltr'>Tiridates</span> <span class='ocrx_word' id='word_1_38' title='bbox 727 851 800 892; x_wconf 93' lang='lat' dir='ltr'>cum</span> <span class='ocrx_word' id='word_1_39' title='bbox 816 830 925 914; x_wconf 86' lang='lat' dir='ltr'>paucis</span> <span class='ocrx_word' id='word_1_40' title='bbox 942 831 975 895; x_wconf 87' lang='lat' dir='ltr'>in</span> <span class='ocrx_word' id='word_1_41' title='bbox 990 822 1114 918; x_wconf 67' lang='lat' dir='ltr'>S&#39;yn‘am</span> 
     </span>
     <span class='ocr_line' id='line_1_7' title="bbox 91 921 859 1005; baseline 0.003 -19"><span class='ocrx_word' id='word_1_42' title='bbox 91 923 235 986; x_wconf 83' lang='lat' dir='ltr'>revectus</span> <span class='ocrx_word' id='word_1_43' title='bbox 252 921 372 1005; x_wconf 90' lang='lat' dir='ltr'>pudore</span> <span class='ocrx_word' id='word_1_44' title='bbox 389 921 572 1005; x_wconf 86' lang='lat' dir='ltr'>proditionis</span> <span class='ocrx_word' id='word_1_45' title='bbox 590 944 699 986; x_wconf 90' lang='lat' dir='ltr'>omnes</span> <span class='ocrx_word' id='word_1_46' title='bbox 717 923 859 988; x_wconf 80' lang='lat' dir='ltr'>exsolvit.</span> 
     </span>
     <span class='ocr_line' id='line_1_8' title="bbox 99 1014 1162 1105; baseline 0.006 -26"><span class='ocrx_word' id='word_1_47' title='bbox 99 1035 101 1042; x_wconf 78' lang='grc'><em>’</em></span> <span class='ocrx_word' id='word_1_48' title='bbox 156 1015 246 1082; x_wconf 89' lang='lat' dir='ltr'>Idem</span> <span class='ocrx_word' id='word_1_49' title='bbox 272 1035 372 1079; x_wconf 89' lang='lat' dir='ltr'>annus</span> <span class='ocrx_word' id='word_1_50' title='bbox 404 1014 493 1099; x_wconf 89' lang='lat' dir='ltr'>gravi</span> <span class='ocrx_word' id='word_1_51' title='bbox 522 1014 595 1100; x_wconf 86' lang='lat' dir='ltr'>igne</span> <span class='ocrx_word' id='word_1_52' title='bbox 625 1015 735 1080; x_wconf 81' lang='lat' dir='ltr'>unbem</span> <span class='ocrx_word' id='word_1_53' title='bbox 760 1017 870 1081; x_wconf 85' lang='lat' dir='ltr'>adficit-</span> <span class='ocrx_word' id='word_1_54' title='bbox 890 1018 1009 1084; x_wconf 58' lang='lat' dir='ltr'>deusta&lt;</span> <span class='ocrx_word' id='word_1_55' title='bbox 1025 1030 1112 1105; x_wconf 86' lang='lat' dir='ltr'>parte</span> <span class='ocrx_word' id='word_1_56' title='bbox 1132 1026 1162 1071; x_wconf 82' lang='lat'>51</span> 
     </span>
     <span class='ocr_line' id='line_1_9' title="bbox 92 1091 1245 1196; baseline 0.004 -23"><span class='ocrx_word' id='word_1_57' title='bbox 92 1109 179 1186; x_wconf 90' lang='lat' dir='ltr'>circi,</span> <span class='ocrx_word' id='word_1_58' title='bbox 202 1129 284 1192; x_wconf 84' lang='lat' dir='ltr'>quae</span> <span class='ocrx_word' id='word_1_59' title='bbox 305 1106 646 1195; x_wconf 79' lang='lat' dir='ltr'>Aventinooontigua,</span> <span class='ocrx_word' id='word_1_60' title='bbox 673 1109 999 1194; x_wconf 28' lang='lat' dir='ltr'>ipsoquevAventin03</span> <span class='ocrx_word' id='word_1_61' title='bbox 1028 1114 1113 1196; x_wconf 86' lang='lat' dir='ltr'>quod</span> <span class='ocrx_word' id='word_1_62' title='bbox 1126 1091 1169 1141; x_wconf 54' lang='lat'>(⁴⁵)</span> <span class='ocrx_word' id='word_1_63' title='bbox 1216 1118 1218 1121; x_wconf 74' lang='grc'><strong>’</strong></span> <span class='ocrx_word' id='word_1_64' title='bbox 1242 1104 1245 1113; x_wconf 67' lang='grc'><strong>’</strong></span> 
     </span>
     <span class='ocr_line' id='line_1_10' title="bbox 91 1199 1115 1286; baseline 0.005 -20"><span class='ocrx_word' id='word_1_65' title='bbox 91 1203 241 1266; x_wconf 89' lang='lat' dir='ltr'>damnum</span> <span class='ocrx_word' id='word_1_66' title='bbox 265 1200 384 1266; x_wconf 89' lang='lat' dir='ltr'>Caesar</span> <span class='ocrx_word' id='word_1_67' title='bbox 401 1199 453 1264; x_wconf 16' lang='lat' dir='ltr'>ad*</span> <span class='ocrx_word' id='word_1_68' title='bbox 467 1200 598 1286; x_wconf 87' lang='lat' dir='ltr'>gloriam</span> <span class='ocrx_word' id='word_1_69' title='bbox 623 1203 715 1268; x_wconf 87' lang='lat' dir='ltr'>vertit</span> <span class='ocrx_word' id='word_1_70' title='bbox 740 1199 890 1268; x_wconf 84' lang='lat' dir='ltr'>exsolutis</span> <span class='ocrx_word' id='word_1_71' title='bbox 912 1205 1062 1269; x_wconf 92' lang='lat' dir='ltr'>domuum</span> <span class='ocrx_word' id='word_1_72' title='bbox 1084 1224 1115 1271; x_wconf 90' lang='lat' dir='ltr'>et</span> 
     </span>
     <span class='ocr_line' id='line_1_11' title="bbox 91 1288 1115 1379; baseline 0.004 -20"><span class='ocrx_word' id='word_1_73' title='bbox 91 1296 263 1360; x_wconf 87' lang='lat' dir='ltr'>insularum</span> <span class='ocrx_word' id='word_1_74' title='bbox 285 1295 406 1379; x_wconf 89' lang='lat' dir='ltr'>pretiis:</span> <span class='ocrx_word' id='word_1_75' title='bbox 434 1288 534 1359; x_wconf 92' lang='lat' dir='ltr'>milies</span> <span class='ocrx_word' id='word_1_76' title='bbox 557 1295 733 1361; x_wconf 87' lang='lat' dir='ltr'>sestertium</span> <span class='ocrx_word' id='word_1_77' title='bbox 751 1319 789 1361; x_wconf 88' lang='lat' dir='ltr'>ea</span> <span class='ocrx_word' id='word_1_78' title='bbox 809 1297 1020 1362; x_wconf 86' lang='lat' dir='ltr'>munificentia</span> <span class='ocrx_word' id='word_1_79' title='bbox 1041 1321 1115 1363; x_wconf 92' lang='lat' dir='ltr'>con-</span> 
     </span>
     <span class='ocr_line' id='line_1_12' title="bbox 90 1389 1115 1477; baseline 0.003 -24"><span class='ocrx_word' id='word_1_80' title='bbox 90 1389 241 1466; x_wconf 89' lang='lat' dir='ltr'>locatum,</span> <span class='ocrx_word' id='word_1_81' title='bbox 264 1399 351 1459; x_wconf 88' lang='lat' dir='ltr'>tanto</span> <span class='ocrx_word' id='word_1_82' title='bbox 368 1389 526 1474; x_wconf 88' lang='lat' dir='ltr'>acceptius</span> <span class='ocrx_word' id='word_1_83' title='bbox 543 1389 576 1452; x_wconf 92' lang='lat' dir='ltr'>in</span> <span class='ocrx_word' id='word_1_84' title='bbox 593 1390 737 1476; x_wconf 91' lang='lat' dir='ltr'>vulgum,</span> <span class='ocrx_word' id='word_1_85' title='bbox 760 1401 876 1474; x_wconf 90' lang='lat' dir='ltr'>quanto</span> <span class='ocrx_word' id='word_1_86' title='bbox 894 1393 1034 1457; x_wconf 89' lang='lat' dir='ltr'>modicus</span> <span class='ocrx_word' id='word_1_87' title='bbox 1052 1394 1115 1477; x_wconf 87' lang='lat' dir='ltr'>pri-</span> 
     </span>
     <span class='ocr_line' id='line_1_13' title="bbox 91 1482 1114 1570; baseline 0.004 -24"><span class='ocrx_word' id='word_1_88' title='bbox 91 1483 175 1547; x_wconf 82' lang='lat' dir='ltr'>vatia</span> <span class='ocrx_word' id='word_1_89' title='bbox 195 1482 461 1548; x_wconf 88' lang='lat' dir='ltr'>aedificationibus</span> <span class='ocrx_word' id='word_1_90' title='bbox 483 1504 523 1546; x_wconf 90' lang='lat' dir='ltr'>ne</span> <span class='ocrx_word' id='word_1_91' title='bbox 547 1482 673 1566; x_wconf 90' lang='lat' dir='ltr'>publice</span> <span class='ocrx_word' id='word_1_92' title='bbox 698 1485 825 1567; x_wconf 89' lang='lat' dir='ltr'>quidem</span> <span class='ocrx_word' id='word_1_93' title='bbox 850 1485 911 1549; x_wconf 89' lang='lat' dir='ltr'>nisi</span> <span class='ocrx_word' id='word_1_94' title='bbox 933 1486 995 1550; x_wconf 95' lang='lat' dir='ltr'>duo</span> <span class='ocrx_word' id='word_1_95' title='bbox 1020 1508 1114 1570; x_wconf 88' lang='lat' dir='ltr'>opera</span> 
     </span>
     <span class='ocr_line' id='line_1_14' title="bbox 92 1574 1113 1663; baseline 0.003 -23"><span class='ocrx_word' id='word_1_96' title='bbox 92 1575 219 1653; x_wconf 82' lang='lat' dir='ltr'>struxit,</span> <span class='ocrx_word' id='word_1_97' title='bbox 242 1575 394 1660; x_wconf 90' lang='lat' dir='ltr'>templum</span> <span class='ocrx_word' id='word_1_98' title='bbox 415 1574 564 1661; x_wconf 89' lang='lat' dir='ltr'>Augusto</span> <span class='ocrx_word' id='word_1_99' title='bbox 579 1581 618 1640; x_wconf 74' lang='lat' dir='ltr'>&#39;et</span> <span class='ocrx_word' id='word_1_100' title='bbox 640 1599 766 1641; x_wconf 89' lang='lat' dir='ltr'>scenam</span> <span class='ocrx_word' id='word_1_101' title='bbox 782 1576 966 1663; x_wconf 83' lang='lat' dir='ltr'>Pompeiani</span> <span class='ocrx_word' id='word_1_102' title='bbox 988 1579 1113 1657; x_wconf 82' lang='lat' dir='ltr'>theatri3</span> 
     </span>
     <span class='ocr_line' id='line_1_15' title="bbox 92 1662 1112 1755; baseline 0.003 -23"><span class='ocrx_word' id='word_1_103' title='bbox 92 1691 192 1751; x_wconf 90' lang='lat' dir='ltr'>eaque</span> <span class='ocrx_word' id='word_1_104' title='bbox 207 1669 365 1753; x_wconf 78' lang='lat' dir='ltr'>perfecta,</span> <span class='ocrx_word' id='word_1_105' title='bbox 389 1678 569 1754; x_wconf 90' lang='lat' dir='ltr'>contemptu</span> <span class='ocrx_word' id='word_1_106' title='bbox 586 1662 763 1735; x_wconf 81' lang='lat' dir='ltr'>ambitionis</span> <span class='ocrx_word' id='word_1_107' title='bbox 782 1694 822 1735; x_wconf 92' lang='lat' dir='ltr'>an</span> <span class='ocrx_word' id='word_1_108' title='bbox 838 1693 902 1755; x_wconf 52' lang='lat' dir='ltr'>per„</span> <span class='ocrx_word' id='word_1_109' title='bbox 912 1681 1112 1748; x_wconf 87' lang='lat' dir='ltr'>senectutem,</span> 
     </span>
     <span class='ocr_line' id='line_1_16' title="bbox 85 1753 1115 1848; baseline 0.004 -23"><span class='ocrx_word' id='word_1_110' title='bbox 85 1753 176 1826; x_wconf 75' lang='lat' dir='ltr'>¹haud</span> <span class='ocrx_word' id='word_1_111' title='bbox 189 1762 352 1826; x_wconf 88' lang='lat' dir='ltr'>dedicavit.</span> <span class='ocrx_word' id='word_1_112' title='bbox 377 1763 433 1827; x_wconf 91' lang='lat' dir='ltr'>sed</span> <span class='ocrx_word' id='word_1_113' title='bbox 449 1759 642 1827; x_wconf 89' lang='lat' dir='ltr'>aestimando</span> <span class='ocrx_word' id='word_1_114' title='bbox 655 1763 811 1846; x_wconf 87' lang='lat' dir='ltr'>cuiusque</span> <span class='ocrx_word' id='word_1_115' title='bbox 823 1764 1007 1829; x_wconf 88' lang='lat' dir='ltr'>detrimento</span> <span class='ocrx_word' id='word_1_116' title='bbox 1024 1773 1115 1848; x_wconf 88' lang='lat' dir='ltr'>quat-</span> 
     </span>
     <span class='ocr_line' id='line_1_17' title="bbox 91 1854 1115 1944; baseline 0.003 -25"><span class='ocrx_word' id='word_1_117' title='bbox 91 1864 162 1919; x_wconf 90' lang='lat' dir='ltr'>tuor</span> <span class='ocrx_word' id='word_1_118' title='bbox 183 1855 347 1940; x_wconf 86' lang='lat' dir='ltr'>progeneri</span> <span class='ocrx_word' id='word_1_119' title='bbox 369 1854 529 1932; x_wconf 87' lang='lat' dir='ltr'>Caesaris,</span> <span class='ocrx_word' id='word_1_120' title='bbox 554 1855 614 1920; x_wconf 88' lang='lat' dir='ltr'>Cn.</span> <span class='ocrx_word' id='word_1_121' title='bbox 636 1855 810 1937; x_wconf 88' lang='lat' dir='ltr'>Domitius,</span> <span class='ocrx_word' id='word_1_122' title='bbox 840 1856 971 1922; x_wconf 86' lang='lat' dir='ltr'>Cassius</span> <span class='ocrx_word' id='word_1_123' title='bbox 984 1858 1115 1944; x_wconf 88' lang='lat' dir='ltr'>Longi·</span> 
     </span>
     <span class='ocr_line' id='line_1_18' title="bbox 90 1947 1128 2034; baseline 0.004 -23"><span class='ocrx_word' id='word_1_124' title='bbox 90 1971 166 2025; x_wconf 93' lang='lat' dir='ltr'>nus,</span> <span class='ocrx_word' id='word_1_125' title='bbox 189 1948 236 2012; x_wconf 90' lang='lat' dir='ltr'>M.</span> <span class='ocrx_word' id='word_1_126' title='bbox 259 1947 416 2025; x_wconf 87' lang='lat' dir='ltr'>Vinicius,</span> <span class='ocrx_word' id='word_1_127' title='bbox 443 1948 607 2014; x_wconf 86' lang='lat' dir='ltr'>Rubellius</span> <span class='ocrx_word' id='word_1_128' title='bbox 629 1949 771 2014; x_wconf 83' lang='lat' dir='ltr'>Blandus</span> <span class='ocrx_word' id='word_1_129' title='bbox 794 1950 906 2014; x_wconf 91' lang='lat' dir='ltr'>delecti</span> <span class='ocrx_word' id='word_1_130' title='bbox 919 1949 1128 2034; x_wconf 85' lang='lat' dir='ltr'>&#39;additusque</span> 
     </span>
     <span class='ocr_line' id='line_1_19' title="bbox 89 2041 1113 2128; baseline 0.003 -23"><span class='ocrx_word' id='word_1_131' title='bbox 89 2041 300 2106; x_wconf 87' lang='lat' dir='ltr'>nominatione</span> <span class='ocrx_word' id='word_1_132' title='bbox 318 2042 483 2106; x_wconf 86' lang='lat' dir='ltr'>consulum</span> <span class='ocrx_word' id='word_1_133' title='bbox 495 2041 533 2105; x_wconf 92' lang='lat' dir='ltr'>P.</span> <span class='ocrx_word' id='word_1_134' title='bbox 547 2041 728 2121; x_wconf 82' lang='lat' dir='ltr'>Petronius-3</span> <span class='ocrx_word' id='word_1_135' title='bbox 747 2051 777 2106; x_wconf 84' lang='lat' dir='ltr'>et</span> <span class='ocrx_word' id='word_1_136' title='bbox 793 2064 849 2128; x_wconf 89' lang='lat' dir='ltr'>pro</span> <span class='ocrx_word' id='word_1_137' title='bbox 866 2043 992 2128; x_wconf 91' lang='lat' dir='ltr'>ingenio</span> <span class='ocrx_word' id='word_1_138' title='bbox 1010 2044 1113 2108; x_wconf 89' lang='lat' dir='ltr'>cuius-</span> 
     </span>
     <span class='ocr_line' id='line_1_20' title="bbox 89 2134 1129 2221; baseline 0.002 -24"><span class='ocrx_word' id='word_1_139' title='bbox 89 2155 152 2217; x_wconf 89' lang='lat' dir='ltr'>que</span> <span class='ocrx_word' id='word_1_140' title='bbox 174 2134 306 2218; x_wconf 89' lang='lat' dir='ltr'>quaesiti</span> <span class='ocrx_word' id='word_1_141' title='bbox 328 2135 505 2218; x_wconf 82' lang='lat' dir='ltr'>decretique</span> <span class='ocrx_word' id='word_1_142' title='bbox 522 2135 555 2198; x_wconf 91' lang='lat' dir='ltr'>in</span> <span class='ocrx_word' id='word_1_143' title='bbox 576 2135 915 2221; x_wconf 83' lang='lat' dir='ltr'>principemhonores3</span> <span class='ocrx_word' id='word_1_144' title='bbox 938 2159 1017 2219; x_wconf 91' lang='lat' dir='ltr'>quos</span> <span class='ocrx_word' id='word_1_145' title='bbox 1034 2137 1129 2201; x_wconf 75' lang='lat' dir='ltr'>omi.</span> 
     </span>
     <span class='ocr_line' id='line_1_21' title="bbox 91 2229 1112 2319; baseline 0.002 -27"><span class='ocrx_word' id='word_1_146' title='bbox 91 2229 166 2293; x_wconf 90' lang='lat' dir='ltr'>serit</span> <span class='ocrx_word' id='word_1_147' title='bbox 178 2229 377 2314; x_wconf 84' lang='lat' dir='ltr'>receperitve,</span> <span class='ocrx_word' id='word_1_148' title='bbox 391 2229 424 2292; x_wconf 93' lang='lat' dir='ltr'>in</span> <span class='ocrx_word' id='word_1_149' title='bbox 436 2229 554 2294; x_wconf 90' lang='lat' dir='ltr'>incerto</span> <span class='ocrx_word' id='word_1_150' title='bbox 568 2230 628 2294; x_wconf 88' lang='lat' dir='ltr'>fuit</span> <span class='ocrx_word' id='word_1_151' title='bbox 641 2230 681 2294; x_wconf 90' lang='lat' dir='ltr'>ob</span> <span class='ocrx_word' id='word_1_152' title='bbox 694 2231 904 2319; x_wconf 89' lang='lat' dir='ltr'>propinquum</span> <span class='ocrx_word' id='word_1_153' title='bbox 917 2231 999 2294; x_wconf 84' lang='lat' dir='ltr'>vitae</span> <span class='ocrx_word' id='word_1_154' title='bbox 1007 2230 1112 2294; x_wconf 84' lang='lat' dir='ltr'>finem.</span> 
     </span>
     <span class='ocr_line' id='line_1_22' title="bbox 154 2323 1111 2410; baseline 0 -22"><span class='ocrx_word' id='word_1_155' title='bbox 154 2324 263 2407; x_wconf 83' lang='lat' dir='ltr'>Neque</span> <span class='ocrx_word' id='word_1_156' title='bbox 281 2325 364 2389; x_wconf 89' lang='lat' dir='ltr'>enim</span> <span class='ocrx_word' id='word_1_157' title='bbox 381 2324 478 2389; x_wconf 87' lang='lat' dir='ltr'>multo</span> <span class='ocrx_word' id='word_1_158' title='bbox 495 2335 567 2409; x_wconf 88' lang='lat' dir='ltr'>post</span> <span class='ocrx_word' id='word_1_159' title='bbox 585 2325 722 2410; x_wconf 86' lang='lat' dir='ltr'>supremi</span> <span class='ocrx_word' id='word_1_160' title='bbox 736 2325 863 2390; x_wconf 86' lang='lat' dir='ltr'>Tiberio</span> <span class='ocrx_word' id='word_1_161' title='bbox 880 2324 1033 2401; x_wconf 78' lang='lat' dir='ltr'>consules,</span> <span class='ocrx_word' id='word_1_162' title='bbox 1054 2323 1111 2388; x_wconf 83' lang='lat' dir='ltr'>Cu.</span> 
     </span>
     <span class='ocr_line' id='line_1_23' title="bbox 89 2417 1113 2504; baseline -0.001 -22"><span class='ocrx_word' id='word_1_163' title='bbox 89 2417 298 2495; x_wconf 83' lang='lat' dir='ltr'>Acnnaor&#39;uus,</span> <span class='ocrx_word' id='word_1_164' title='bbox 331 2417 369 2483; x_wconf 90' lang='lat' dir='ltr'>C.</span> <span class='ocrx_word' id='word_1_165' title='bbox 399 2417 546 2495; x_wconf 74' lang='lat' dir='ltr'>Porcius,</span> <span class='ocrx_word' id='word_1_166' title='bbox 578 2419 794 2504; x_wconf 84' lang='lat' dir='ltr'>magistratum</span> <span class='ocrx_word' id='word_1_167' title='bbox 824 2430 985 2503; x_wconf 88' lang='lat' dir='ltr'>occepere,</span> <span class='ocrx_word' id='word_1_168' title='bbox 1016 2418 1113 2482; x_wconf 83' lang='lat' dir='ltr'>nimia</span> 
     </span>
     <span class='ocr_line' id='line_1_24' title="bbox 89 2510 1112 2598; baseline -0.003 -21"><span class='ocrx_word' id='word_1_169' title='bbox 89 2514 154 2577; x_wconf 92' lang='lat' dir='ltr'>iam</span> <span class='ocrx_word' id='word_1_170' title='bbox 170 2512 309 2596; x_wconf 91' lang='lat' dir='ltr'>potentia</span> <span class='ocrx_word' id='word_1_171' title='bbox 321 2510 491 2590; x_wconf 90' lang='lat' dir='ltr'>Macronis,</span> <span class='ocrx_word' id='word_1_172' title='bbox 499 2529 507 2538; x_wconf 66' lang='lat'>‘¹</span> <span class='ocrx_word' id='word_1_173' title='bbox 532 2513 709 2598; x_wconf 7' lang='lat' dir='ltr'>uiwgratiam</span> <span class='ocrx_word' id='word_1_174' title='bbox 724 2511 762 2577; x_wconf 90' lang='lat' dir='ltr'>C.</span> <span class='ocrx_word' id='word_1_175' title='bbox 778 2511 923 2577; x_wconf 85' lang='lat' dir='ltr'>Caesaris</span> <span class='ocrx_word' id='word_1_176' title='bbox 941 2533 1112 2595; x_wconf 88' lang='lat' dir='ltr'>numquam</span> 
     </span>
     <span class='ocr_line' id='line_1_25' title="bbox 90 2602 1113 2690; baseline -0.002 -20"><span class='ocrx_word' id='word_1_177' title='bbox 90 2605 152 2673; x_wconf 91' lang='lat' dir='ltr'>sibi</span> <span class='ocrx_word' id='word_1_178' title='bbox 172 2604 347 2690; x_wconf 85' lang='lat' dir='ltr'>neglectam</span> <span class='ocrx_word' id='word_1_179' title='bbox 372 2605 474 2671; x_wconf 91' lang='lat' dir='ltr'>acrius</span> <span class='ocrx_word' id='word_1_180' title='bbox 536 2602 543 2619; x_wconf 83' lang='grc'>’“</span> <span class='ocrx_word' id='word_1_181' title='bbox 573 2606 581 2622; x_wconf 82' lang='lat'><strong>‘</strong></span> <span class='ocrx_word' id='word_1_182' title='bbox 603 2628 618 2671; x_wconf 91' lang='lat' dir='ltr'>s</span> <span class='ocrx_word' id='word_1_183' title='bbox 641 2605 1018 2690; x_wconf 82' lang='lat' dir='ltr'>fovebatimpuleratque</span> <span class='ocrx_word' id='word_1_184' title='bbox 1039 2614 1113 2689; x_wconf 87' lang='lat' dir='ltr'>post</span> 
     </span>
     <span class='ocr_line' id='line_1_26' title="bbox 89 2698 1112 2785; baseline 0 -23"><span class='ocrx_word' id='word_1_185' title='bbox 89 2708 222 2763; x_wconf 88' lang='lat' dir='ltr'>mortem</span> <span class='ocrx_word' id='word_1_186' title='bbox 241 2698 406 2776; x_wconf 88' lang='lat' dir='ltr'>Claudiae,</span> <span class='ocrx_word' id='word_1_187' title='bbox 429 2722 523 2781; x_wconf 91' lang='lat' dir='ltr'>quam</span> <span class='ocrx_word' id='word_1_188' title='bbox 539 2710 670 2785; x_wconf 87' lang='lat' dir='ltr'>nuptam</span> <span class='ocrx_word' id='word_1_189' title='bbox 688 2699 851 2776; x_wconf 89' lang='lat' dir='ltr'>eirettuli,</span> <span class='ocrx_word' id='word_1_190' title='bbox 873 2718 1004 2763; x_wconf 85' lang='lat' dir='ltr'>uxorem</span> <span class='ocrx_word' id='word_1_191' title='bbox 1022 2699 1112 2762; x_wconf 91' lang='lat' dir='ltr'>suam</span> 
     </span>
     <span class='ocr_line' id='line_1_27' title="bbox 89 2793 1112 2877; baseline 0 -21"><span class='ocrx_word' id='word_1_192' title='bbox 89 2793 226 2860; x_wconf 87' lang='lat' dir='ltr'>Enniam</span> <span class='ocrx_word' id='word_1_193' title='bbox 243 2793 393 2858; x_wconf 88' lang='lat' dir='ltr'>imitando</span> <span class='ocrx_word' id='word_1_194' title='bbox 415 2816 560 2858; x_wconf 77' lang='lat' dir='ltr'>amorem·</span> <span class='ocrx_word' id='word_1_195' title='bbox 570 2794 715 2858; x_wconf 87' lang='lat' dir='ltr'>iuvenem</span> <span class='ocrx_word' id='word_1_196' title='bbox 731 2793 856 2858; x_wconf 85' lang='lat' dir='ltr'>inlicere</span> <span class='ocrx_word' id='word_1_197' title='bbox 873 2793 1027 2877; x_wconf 86' lang='lat' dir='ltr'>pactoque</span> <span class='ocrx_word' id='word_1_198' title='bbox 1045 2815 1112 2856; x_wconf 92' lang='lat' dir='ltr'>ma-</span> 
     </span>
     <span class='ocr_line' id='line_1_28' title="bbox 90 2885 1111 2970; baseline -0.001 -20"><span class='ocrx_word' id='word_1_199' title='bbox 90 2887 225 2950; x_wconf 88' lang='lat' dir='ltr'>trimonii</span> <span class='ocrx_word' id='word_1_200' title='bbox 242 2886 373 2964; x_wconf 86' lang='lat' dir='ltr'>vincire,</span> <span class='ocrx_word' id='word_1_201' title='bbox 395 2887 472 2951; x_wconf 93' lang='lat' dir='ltr'>nihil</span> <span class='ocrx_word' id='word_1_202' title='bbox 484 2887 691 2965; x_wconf 86' lang='lat' dir='ltr'>abnuentem,</span> <span class='ocrx_word' id='word_1_203' title='bbox 715 2888 790 2951; x_wconf 91' lang='lat' dir='ltr'>dum</span> <span class='ocrx_word' id='word_1_204' title='bbox 807 2885 1027 2950; x_wconf 89' lang='lat' dir='ltr'>dominationis</span> <span class='ocrx_word' id='word_1_205' title='bbox 1045 2887 1111 2970; x_wconf 88' lang='lat' dir='ltr'>api-</span> 
     </span>
     <span class='ocr_line' id='line_1_29' title="bbox 90 2980 1111 3067; baseline -0.002 -22"><span class='ocrx_word' id='word_1_206' title='bbox 90 2989 240 3057; x_wconf 86' lang='lat' dir='ltr'>sceretur3</span> <span class='ocrx_word' id='word_1_207' title='bbox 258 3003 331 3044; x_wconf 91' lang='lat' dir='ltr'>nam</span> <span class='ocrx_word' id='word_1_208' title='bbox 349 2981 409 3044; x_wconf 89' lang='lat' dir='ltr'>etsi</span> <span class='ocrx_word' id='word_1_209' title='bbox 426 2990 599 3052; x_wconf 89' lang='lat' dir='ltr'>commotus</span> <span class='ocrx_word' id='word_1_210' title='bbox 612 2981 738 3067; x_wconf 90' lang='lat' dir='ltr'>ingenio</span> <span class='ocrx_word' id='word_1_211' title='bbox 756 2980 988 3045; x_wconf 81' lang='lat' dir='ltr'>simulationum</span> <span class='ocrx_word' id='word_1_212' title='bbox 1006 2989 1111 3044; x_wconf 90' lang='lat' dir='ltr'>tamen</span> 
     </span>
     <span class='ocr_line' id='line_1_30' title="bbox 89 3072 1175 3159; baseline -0.003 -22"><span class='ocrx_word' id='word_1_213' title='bbox 89 3074 171 3137; x_wconf 88' lang='lat' dir='ltr'>falsa</span> <span class='ocrx_word' id='word_1_214' title='bbox 187 3072 221 3137; x_wconf 91' lang='lat' dir='ltr'>in</span> <span class='ocrx_word' id='word_1_215' title='bbox 239 3074 308 3137; x_wconf 92' lang='lat' dir='ltr'>sinu</span> <span class='ocrx_word' id='word_1_216' title='bbox 325 3074 377 3138; x_wconf 92' lang='lat' dir='ltr'>avi</span> <span class='ocrx_word' id='word_1_217' title='bbox 388 3075 603 3158; x_wconf 89' lang='lat' dir='ltr'>perdidicerat.</span> <span class='ocrx_word' id='word_1_218' title='bbox 625 3094 757 3159; x_wconf 85' lang='lat' dir='ltr'>gnarum</span> <span class='ocrx_word' id='word_1_219' title='bbox 775 3073 836 3137; x_wconf 90' lang='lat' dir='ltr'>hoe</span> <span class='ocrx_word' id='word_1_220' title='bbox 852 3073 993 3158; x_wconf 91' lang='lat' dir='ltr'>principi,</span> <span class='ocrx_word' id='word_1_221' title='bbox 1008 3094 1110 3155; x_wconf 89' lang='lat' dir='ltr'>eoque</span> <span class='ocrx_word' id='word_1_222' title='bbox 1129 3084 1175 3132; x_wconf 63' lang='lat'>52,</span> 
     </span>
     <span class='ocr_line' id='line_1_31' title="bbox 10 3147 1165 3257; baseline -0.001 -27"><span class='ocrx_word' id='word_1_223' title='bbox 10 3244 18 3257; x_wconf 39' lang='grc'>,</span> <span class='ocrx_word' id='word_1_224' title='bbox 90 3167 244 3231; x_wconf 89' lang='lat' dir='ltr'>dubitavit</span> <span class='ocrx_word' id='word_1_225' title='bbox 265 3167 304 3230; x_wconf 87' lang='lat' dir='ltr'>de</span> <span class='ocrx_word' id='word_1_226' title='bbox 327 3167 476 3230; x_wconf 88' lang='lat' dir='ltr'>tradenda</span> <span class='ocrx_word' id='word_1_227' title='bbox 494 3189 530 3231; x_wconf 89' lang='lat' dir='ltr'>re</span> <span class='ocrx_word' id='word_1_228' title='bbox 552 3166 701 3252; x_wconf 89' lang='lat' dir='ltr'>publica,</span> <span class='ocrx_word' id='word_1_229' title='bbox 713 3167 848 3251; x_wconf 90' lang='lat' dir='ltr'>primum</span> <span class='ocrx_word' id='word_1_230' title='bbox 866 3166 949 3229; x_wconf 58' lang='lat' dir='ltr'>&gt;inter</span> <span class='ocrx_word' id='word_1_231' title='bbox 968 3172 1109 3249; x_wconf 88' lang='lat' dir='ltr'>nepotes,</span> <span class='ocrx_word' id='word_1_232' title='bbox 1124 3147 1165 3199; x_wconf 63' lang='lat'>‘⁴⁶’</span> 
     </span>
     <span class='ocr_line' id='line_1_32' title="bbox 13 3257 1111 3345; baseline -0.003 -22"><span class='ocrx_word' id='word_1_233' title='bbox 13 3266 21 3277; x_wconf 84' lang='lat'>&#39;</span> <span class='ocrx_word' id='word_1_234' title='bbox 89 3282 222 3344; x_wconf 91' lang='lat' dir='ltr'>quorum</span> <span class='ocrx_word' id='word_1_235' title='bbox 239 3259 346 3325; x_wconf 90' lang='lat' dir='ltr'>Druso</span> <span class='ocrx_word' id='word_1_236' title='bbox 371 3261 495 3345; x_wconf 88' lang='lat' dir='ltr'>genitus</span> <span class='ocrx_word' id='word_1_237' title='bbox 518 3259 670 3345; x_wconf 83' lang='lat' dir='ltr'>sanguine</span> <span class='ocrx_word' id='word_1_238' title='bbox 693 3269 723 3322; x_wconf 84' lang='lat' dir='ltr'>et</span> <span class='ocrx_word' id='word_1_239' title='bbox 744 3259 871 3322; x_wconf 88' lang='lat' dir='ltr'>caritate</span> <span class='ocrx_word' id='word_1_240' title='bbox 892 3257 1031 3342; x_wconf 84' lang='lat' dir='ltr'>propior,</span> <span class='ocrx_word' id='word_1_241' title='bbox 1047 3257 1111 3322; x_wconf 67' lang='lat' dir='ltr'>⁴sed</span> 
     </span>
     <span class='ocr_line' id='line_1_33' title="bbox 88 3349 1111 3438; baseline -0.005 -21"><span class='ocrx_word' id='word_1_242' title='bbox 88 3353 228 3417; x_wconf 88' lang='lat' dir='ltr'>nondum</span> <span class='ocrx_word' id='word_1_243' title='bbox 249 3353 444 3437; x_wconf 86' lang='lat' dir='ltr'>pubertatem</span> <span class='ocrx_word' id='word_1_244' title='bbox 462 3353 641 3438; x_wconf 85' lang='lat' dir='ltr'>ingressus,</span> <span class='ocrx_word' id='word_1_245' title='bbox 666 3349 845 3417; x_wconf 89' lang='lat' dir='ltr'>Germanici</span> <span class='ocrx_word' id='word_1_246' title='bbox 867 3350 931 3414; x_wconf 92' lang='lat' dir='ltr'>filio</span> <span class='ocrx_word' id='word_1_247' title='bbox 952 3349 1047 3413; x_wconf 91' lang='lat' dir='ltr'>robur</span> <span class='ocrx_word' id='word_1_248' title='bbox 1060 3350 1111 3412; x_wconf 88' lang='lat' dir='ltr'>iu-</span> 
     </span>
     <span class='ocr_line' id='line_1_34' title="bbox 88 3443 1110 3532; baseline -0.004 -22"><span class='ocrx_word' id='word_1_249' title='bbox 88 3457 214 3524; x_wconf 86' lang='lat' dir='ltr'>ventae,</span> <span class='ocrx_word' id='word_1_250' title='bbox 233 3447 320 3532; x_wconf 90' lang='lat' dir='ltr'>vulgi</span> <span class='ocrx_word' id='word_1_251' title='bbox 337 3448 454 3523; x_wconf 87' lang='lat' dir='ltr'>studia,</span> <span class='ocrx_word' id='word_1_252' title='bbox 477 3468 576 3529; x_wconf 91' lang='lat' dir='ltr'>eaque</span> <span class='ocrx_word' id='word_1_253' title='bbox 587 3444 677 3531; x_wconf 87' lang='lat' dir='ltr'>apud</span> <span class='ocrx_word' id='word_1_254' title='bbox 694 3468 788 3511; x_wconf 91' lang='lat' dir='ltr'>avum</span> <span class='ocrx_word' id='word_1_255' title='bbox 805 3445 994 3521; x_wconf 81' lang='lat' dir='ltr'>odii.;causa;</span> <span class='ocrx_word' id='word_1_256' title='bbox 1017 3443 1110 3507; x_wconf 90' lang='lat' dir='ltr'>etiam</span> 
     </span>
     <span class='ocr_line' id='line_1_35' title="bbox 88 3537 1110 3627; baseline -0.003 -22"><span class='ocrx_word' id='word_1_257' title='bbox 88 3542 128 3605; x_wconf 84' lang='lat' dir='ltr'>de</span> <span class='ocrx_word' id='word_1_258' title='bbox 152 3540 286 3605; x_wconf 92' lang='lat' dir='ltr'>Claudio</span> <span class='ocrx_word' id='word_1_259' title='bbox 308 3542 452 3627; x_wconf 88' lang='lat' dir='ltr'>agitanti,</span> <span class='ocrx_word' id='word_1_260' title='bbox 479 3541 564 3624; x_wconf 92' lang='lat' dir='ltr'>quod</span> <span class='ocrx_word' id='word_1_261' title='bbox 585 3541 612 3604; x_wconf 88' lang='lat' dir='ltr'>is</span> <span class='ocrx_word' id='word_1_262' title='bbox 635 3540 796 3625; x_wconf 89' lang='lat' dir='ltr'>conposita</span> <span class='ocrx_word' id='word_1_263' title='bbox 817 3547 932 3615; x_wconf 89' lang='lat' dir='ltr'>aetate,</span> <span class='ocrx_word' id='word_1_264' title='bbox 958 3537 1110 3602; x_wconf 89' lang='lat' dir='ltr'>bonarum</span> 
     </span>
     <span class='ocr_line' id='line_1_36' title="bbox 88 3631 1110 3721; baseline -0.007 -22"><span class='ocrx_word' id='word_1_265' title='bbox 88 3635 201 3699; x_wconf 89' lang='lat' dir='ltr'>artium</span> <span class='ocrx_word' id='word_1_266' title='bbox 219 3635 349 3721; x_wconf 88' lang='lat' dir='ltr'>cupiens</span> <span class='ocrx_word' id='word_1_267' title='bbox 367 3645 446 3712; x_wconf 88' lang='lat' dir='ltr'>erat,</span> <span class='ocrx_word' id='word_1_268' title='bbox 466 3635 630 3699; x_wconf 87' lang='lat' dir='ltr'>imminuta</span> <span class='ocrx_word' id='word_1_269' title='bbox 646 3657 735 3702; x_wconf 83' lang='lat' dir='ltr'>mena</span> <span class='ocrx_word' id='word_1_270' title='bbox 754 3633 821 3698; x_wconf 89' lang='lat' dir='ltr'>eius</span> <span class='ocrx_word' id='word_1_271' title='bbox 839 3631 970 3697; x_wconf 89' lang='lat' dir='ltr'>obstitit:</span> <span class='ocrx_word' id='word_1_272' title='bbox 990 3631 1039 3698; x_wconf 92' lang='lat' dir='ltr'>sin</span> <span class='ocrx_word' id='word_1_273' title='bbox 1051 3653 1110 3698; x_wconf 86' lang='lat' dir='ltr'>ex-</span> 
     </span>
     <span class='ocr_line' id='line_1_37' title="bbox 88 3723 1108 3812; baseline -0.007 -19"><span class='ocrx_word' id='word_1_274' title='bbox 88 3739 137 3793; x_wconf 88' lang='lat' dir='ltr'>tra</span> <span class='ocrx_word' id='word_1_275' title='bbox 156 3729 286 3793; x_wconf 90' lang='lat' dir='ltr'>domum</span> <span class='ocrx_word' id='word_1_276' title='bbox 309 3752 472 3794; x_wconf 87' lang='lat' dir='ltr'>successor</span> <span class='ocrx_word' id='word_1_277' title='bbox 493 3738 705 3812; x_wconf 87' lang='lat' dir='ltr'>quaereretur,</span> <span class='ocrx_word' id='word_1_278' title='bbox 728 3750 768 3791; x_wconf 90' lang='lat' dir='ltr'>ne</span> <span class='ocrx_word' id='word_1_279' title='bbox 789 3726 939 3796; x_wconf 89' lang='lat' dir='ltr'>memoria</span> <span class='ocrx_word' id='word_1_280' title='bbox 953 3723 1108 3809; x_wconf 90' lang='lat' dir='ltr'>Augusti,</span> 
     </span>
     <span class='ocr_line' id='line_1_38' title="bbox 87 3820 1110 3889; baseline -0.005 -3"><span class='ocrx_word' id='word_1_281' title='bbox 87 3845 128 3887; x_wconf 91' lang='lat' dir='ltr'>ne</span> <span class='ocrx_word' id='word_1_282' title='bbox 149 3846 264 3887; x_wconf 91' lang='lat' dir='ltr'>nomen</span> <span class='ocrx_word' id='word_1_283' title='bbox 283 3823 454 3889; x_wconf 89' lang='lat' dir='ltr'>Caesarum</span> <span class='ocrx_word' id='word_1_284' title='bbox 472 3824 504 3887; x_wconf 92' lang='lat' dir='ltr'>in</span> <span class='ocrx_word' id='word_1_285' title='bbox 526 3823 660 3887; x_wconf 90' lang='lat' dir='ltr'>ludibria</span> <span class='ocrx_word' id='word_1_286' title='bbox 678 3831 709 3887; x_wconf 90' lang='lat' dir='ltr'>et</span> <span class='ocrx_word' id='word_1_287' title='bbox 731 3820 932 3886; x_wconf 85' lang='lat' dir='ltr'>contumelias</span> <span class='ocrx_word' id='word_1_288' title='bbox 955 3828 1110 3883; x_wconf 87' lang='lat' dir='ltr'>verterent</span> 
     </span>
     <span class='ocr_line' id='line_1_39' title="bbox 87 3913 1110 4002; baseline -0.005 -22"><span class='ocrx_word' id='word_1_289' title='bbox 87 3916 261 3995; x_wconf 84' lang='lat' dir='ltr'>metuebat3</span> <span class='ocrx_word' id='word_1_290' title='bbox 287 3917 402 4002; x_wconf 87' lang='lat' dir='ltr'>quippe</span> <span class='ocrx_word' id='word_1_291' title='bbox 424 3918 469 3981; x_wconf 90' lang='lat' dir='ltr'>illi</span> <span class='ocrx_word' id='word_1_292' title='bbox 489 3939 564 4001; x_wconf 63' lang='lat' dir='ltr'>non„</span> <span class='ocrx_word' id='word_1_293' title='bbox 574 3916 706 4001; x_wconf 87' lang='lat' dir='ltr'>perinde</span> <span class='ocrx_word' id='word_1_294' title='bbox 725 3936 816 3980; x_wconf 90' lang='lat' dir='ltr'>curae</span> <span class='ocrx_word' id='word_1_295' title='bbox 842 3913 942 3999; x_wconf 87' lang='lat' dir='ltr'>gratia</span> <span class='ocrx_word' id='word_1_296' title='bbox 963 3933 1110 3997; x_wconf 88' lang='lat' dir='ltr'>praesen·</span> 
     </span>
     <span class='ocr_line' id='line_1_40' title="bbox 86 4005 1109 4095; baseline -0.006 -20"><span class='ocrx_word' id='word_1_297' title='bbox 86 4011 166 4075; x_wconf 93' lang='lat' dir='ltr'>tium</span> <span class='ocrx_word' id='word_1_298' title='bbox 184 4032 279 4093; x_wconf 92' lang='lat' dir='ltr'>quam</span> <span class='ocrx_word' id='word_1_299' title='bbox 296 4011 328 4074; x_wconf 91' lang='lat' dir='ltr'>in</span> <span class='ocrx_word' id='word_1_300' title='bbox 340 4010 632 4095; x_wconf 83' lang='lat' dir='ltr'>posterosambitio.</span> <span class='ocrx_word' id='word_1_301' title='bbox 655 4032 730 4074; x_wconf 89' lang='lat' dir='ltr'>mox</span> <span class='ocrx_word' id='word_1_302' title='bbox 746 4009 882 4072; x_wconf 88' lang='lat' dir='ltr'>incertus</span> <span class='ocrx_word' id='word_1_303' title='bbox 900 4005 1004 4084; x_wconf 90' lang='lat' dir='ltr'>animi,</span> <span class='ocrx_word' id='word_1_304' title='bbox 1023 4005 1109 4071; x_wconf 84' lang='lat' dir='ltr'>fesso</span> 
     </span>
     <span class='ocr_line' id='line_1_41' title="bbox 86 4095 1109 4195; baseline -0.005 -26"><span class='ocrx_word' id='word_1_305' title='bbox 86 4124 231 4189; x_wconf 85' lang='lat' dir='ltr'>corpore,</span> <span class='ocrx_word' id='word_1_306' title='bbox 259 4106 435 4184; x_wconf 88' lang='lat' dir='ltr'>consilium,</span> <span class='ocrx_word' id='word_1_307' title='bbox 464 4106 514 4170; x_wconf 92' lang='lat' dir='ltr'>cui</span> <span class='ocrx_word' id='word_1_308' title='bbox 535 4106 636 4190; x_wconf 91' lang='lat' dir='ltr'>impar</span> <span class='ocrx_word' id='word_1_309' title='bbox 652 4114 731 4195; x_wconf 80' lang='lat' dir='ltr'>erat,</span> <span class='ocrx_word' id='word_1_310' title='bbox 747 4103 822 4170; x_wconf 74' lang='lat' dir='ltr'>=fsto</span> <span class='ocrx_word' id='word_1_311' title='bbox 833 4100 993 4187; x_wconf 83' lang='lat' dir='ltr'>permisit,</span> <span class='ocrx_word' id='word_1_312' title='bbox 1020 4095 1109 4165; x_wconf 87' lang='lat' dir='ltr'>iactis</span> 
     </span>
     <span class='ocr_line' id='line_1_42' title="bbox 141 4204 937 4268; baseline 0.008 -6"><span class='ocrx_word' id='word_1_313' title='bbox 141 4220 213 4265; x_wconf 78' lang='lat' dir='ltr'>Taciti</span> <span class='ocrx_word' id='word_1_314' title='bbox 223 4222 264 4264; x_wconf 84' lang='lat' dir='ltr'>ool.</span> <span class='ocrx_word' id='word_1_315' title='bbox 274 4220 292 4263; x_wconf 83' lang='lat' dir='ltr'>l.</span> <span class='ocrx_word' id='word_1_316' title='bbox 398 4204 402 4214; x_wconf 53' lang='grc'>’</span> <span class='ocrx_word' id='word_1_317' title='bbox 695 4219 698 4226; x_wconf 87' lang='grc'><strong>’</strong></span> <span class='ocrx_word' id='word_1_318' title='bbox 900 4211 937 4268; x_wconf 73' lang='lat'>12</span> 
     </span>
    </p>
   </div>
   <div class='ocr_carea' id='block_1_3' title="bbox 0 0 1384 4874">
    <p class='ocr_par' dir='ltr' id='par_1_3' title="bbox 0 0 1384 4874">
     <span class='ocr_line' id='line_1_43' title="bbox 0 0 1384 4874; baseline 0 1"><span class='ocrx_word' id='word_1_319' title='bbox 0 0 1384 4874; x_wconf 95' lang='lat' dir='ltr'> </span> 
     </span>
    </p>
   </div>
  </div>
 </body>
</html>
