2760 4874
375 364 579 420 ANNALIUM
592 363 666 417 LIB.
681 363 743 420 XV.
761 363 879 418 43-46.
1073 351 1135 414 303

97 454 99 458 ·
113 467 133 505 ρ.
145 454 184 495 cn.
195 455 227 494 or.

111 523 206 610 pebat
222 545 285 586 non
303 524 397 588 modo
414 543 471 608 per
479 522 638 597 Iudaeam,
658 521 809 606 originem
828 521 894 584 eius
910 520 992 598 mali,
1012 522 1068 611 scd
1079 544 1136 606 per

111 617 222 682 urbem
236 618 340 694 etiam,
359 639 421 701 quo
436 626 548 680 cuneta
560 615 698 697 undique
709 615 828 678 atrocia
842 626 895 678 aut
908 617 1136 701 pudendaoon-

111 711 212 775 fluunt
230 710 495 793 celebranturque.
514 709 610 794 igitur
626 709 762 793 primum
781 709 913 794 correpti
927 709 981 791 qui
995 708 1136 774 fateban-

112 817 176 882 tur,
195 805 307 869 deinde
330 804 445 868 indicio
464 826 572 868 eorum
590 803 757 866 multitudo
774 803 886 888 ingens
904 803 989 866 haud
1005 803 1136 887 proinde

111 900 144 962 in
167 899 294 963 crimine
315 898 452 962 incendii
478 920 573 981 quam
600 898 671 961 odio
698 897 828 972 humani
853 896 976 983 generis
1003 895 1137 961 convicti

113 1003 200 1071 sunt,
227 1004 259 1058 et
279 991 482 1078 pereuntibus
506 992 612 1056 addita
639 991 786 1070 ludibria,
815 1001 850 1056 ut
876 989 1013 1056 ferarum
1039 992 1136 1077 tergis

113 1088 246 1152 contecti
263 1086 382 1151 laniatu
399 1109 513 1151 eanum
527 1085 704 1163 interirent,
728 1097 783 1150 aut
800 1087 944 1151 crucibus
963 1086 1064 1162 affixi,
1074 1097 1137 1150 -aut

113 1182 303 1259 flammandi,
322 1190 415 1265 atque
433 1180 488 1244 ubi
500 1180 667 1257 defecisset
685 1180 762 1259 dies,
781 1182 814 1244 in
826 1204 918 1245 usum
930 1180 1073 1244 nocturni
1090 1179 1137 1243 lu·
1227 1230 1238 1249 ,.

113 1276 206 1341 minis
224 1286 397 1341 urerentur.
420 1275 527 1340 hortos
547 1297 621 1339 suos
639 1275 668 1338 ei
687 1275 864 1361 spectaculo
882 1275 965 1339 Nero
983 1274 1137 1340 obtulerat

114 1381 146 1436 et
168 1371 307 1435 circense
332 1371 488 1435 ludicrum
517 1368 642 1446 edebat,
674 1369 783 1435 habitu
810 1370 937 1456 aurigae
963 1370 1136 1455 permixtus

113 1464 199 1549 plebi
216 1465 267 1529 vel
286 1463 440 1528 curriculo
466 1463 624 1528 insistens.
648 1464 744 1540 unde,
773 1485 965 1547 quamquam
986 1465 1136 1528 adversus

115 1568 221 1623 sontes
239 1568 271 1622 et
287 1558 461 1623 novissima
477 1558 620 1642 exempla
636 1558 775 1636 meritos,
794 1558 952 1623 miseratio
970 1557 1135 1634 oriebatur,

105 1662 275 1736 tamquam
292 1675 356 1717 non
373 1652 505 1717 utilitate
521 1652 649 1737 publica
667 1654 723 1718 sed
740 1652 773 1716 in
792 1653 954 1718 saevitiam
971 1653 1064 1717 unius
1083 1652 1139 1717 ab·

115 1756 319 1812 sumerentur.
746 1775 749 1778 ·

177 1841 302 1905 Interea
319 1840 515 1928 conferendis
533 1841 674 1925 pecuniis
692 1850 871 1926 pervastata
888 1840 993 1919 Italia,
1013 1843 1138 1927 provin·
1156 1857 1189 1902 45
1274 1822 1277 1826 ⁵

114 1934 181 1998 ciac
208 1954 335 1996 eversae
359 1935 497 2016 sociique
523 1934 632 2019 populi
659 1944 689 1997 et
715 1955 796 2015 quae
823 1934 995 1998 civitatium
1021 1936 1138 1999 liberae

114 2035 279 2102 vocantur,
301 2026 396 2108 inque
415 2048 485 2090 eam
506 2028 656 2112 praedam
674 2026 768 2091 etiam
790 2027 834 2090 dii
851 2049 974 2092 cessere
998 2029 1137 2112 spoliatis

114 2121 147 2184 in
165 2119 241 2184 urbe
261 2120 384 2204 templis
403 2130 575 2207 egestoque
589 2143 673 2198 auro,
692 2121 777 2204 quod
788 2121 965 2206 triumphis,
985 2123 1070 2204 quud
1083 2144 1139 2186 vo·

115 2214 155 2278 tis
173 2214 274 2277 omnis
296 2214 404 2299 populi
422 2215 559 2279 Romani
580 2223 666 2278 aetas
688 2213 837 2300 prospere
859 2216 963 2278 autin
985 2226 1071 2279 metu
1089 2237 1139 2279 sa-

115 2319 264 2373 craverat.
292 2309 450 2375 enimvero
473 2332 529 2394 per
544 2307 660 2375 Asiam
683 2319 777 2393 atque
794 2308 950 2373 Achaiam
971 2332 1035 2374 non
1057 2303 1140 2375 dona

116 2412 236 2467 tantum
255 2404 311 2468 sed
330 2403 497 2468 simulacra
517 2404 682 2468 numinum
704 2402 950 2488 abripiebantur,
977 2404 1083 2470 missis
1106 2404 1140 2467 in

115 2519 169 2561 eas
186 2497 363 2582 provincias
382 2496 501 2565 Acrato
520 2520 557 2563 ac
577 2488 724 2563 Secundo
744 2496 921 2575 Carrinate3
940 2498 991 2562 ille
1009 2497 1138 2563 libertus

115 2591 300 2674 cuicumque
318 2592 438 2678 flagitio
456 2601 633 2678 promptus3
653 2592 704 2656 hio
724 2589 847 2656 Graeca
864 2591 1006 2656 doctrina
1023 2615 1076 2656 ore
1094 2602 1140 2657 te-

114 2708 173 2749 nus
192 2687 346 2751 exercitus
365 2687 504 2751 animum
521 2686 612 2752 bonis
631 2686 749 2751 artibus
768 2708 832 2750 non
848 2686 1000 2751 induerat.
1019 2686 1140 2752 fereba

116 2789 166 2843 tur
194 2778 329 2857 Seneca,
358 2803 420 2863 quo
446 2781 597 2846 invidiam
625 2781 825 2866 sacrilegiia
844 2790 950 2845 semet
977 2791 1139 2858 averteret,

115 2871 281 2958 longinqui
291 2875 379 2939 ruris
399 2886 560 2947 secessum
578 2875 733 2953 oravisse,
751 2885 783 2940 et
800 2884 967 2960 postquam
986 2898 1049 2940 non
1067 2891 1141 2940 con-

116 2967 298 3046 cedebatur,
317 2962 390 3034 ficta
408 2970 597 3045 valetudine,
616 2970 708 3052 quasi
720 2991 815 3055 aeger
825 2969 943 3045 nervis,
961 2968 1141 3033 cubiculum

115 3082 178 3124 non
190 3083 352 3147 egressus.
377 3065 530 3128 tradidere
548 3064 676 3147 quidam
693 3085 850 3127 venenum
872 3063 900 3125 ei
922 3084 978 3147 per
995 3062 1139 3127 libertum

115 3154 225 3238 ipsius,
244 3157 295 3220 cui
312 3180 426 3222 nomen
446 3156 625 3233 Cleonicus,
642 3166 786 3240 paratum
803 3157 893 3219 iussu
909 3155 1043 3219 Neronis
1062 3156 1140 3220 vita—

116 3256 245 3331 tumque
262 3249 414 3316 aSeneca
431 3252 606 3337 proditione
623 3250 726 3314 liberti
745 3271 804 3313 seu
818 3249 944 3334 propria
961 3248 1138 3325 formidine,

117 3341 192 3405 dum
204 3345 400 3430 persimplici
417 3346 502 3409 victu
520 3342 746 3429 et‘agrestibus
763 3344 877 3428 pomis,
895 3365 934 3406 ac
953 3343 979 3405 si
999 3342 1066 3405 sitis
1078 3343 1140 3421 ad,

116 3447 265 3515 moneret,
284 3438 456 3523 profluente
473 3461 555 3522 aqua
572 3438 670 3501 vitam
687 3436 806 3501 tolerat.
856 3466 858 3470 ·

129 3573 132 3581 -
180 3529 244 3595 Per
258 3532 344 3596 idem
361 3542 485 3618 tempus
503 3532 694 3619 gladiatores
713 3532 797 3616 apud
810 3531 959 3616 oppidum
968 3529 1138 3608 Praeneste
1157 3543 1189 3589 46

116 3632 268 3709 temptata
287 3628 448 3711 eruptione
470 3626 626 3712 praesidio
653 3625 775 3702 militis,
798 3626 852 3708 qui
876 3633 982 3689 custos
1004 3625 1137 3701 adesset,

117 3720 245 3784 coerciti
266 3731 353 3799 sunt,
382 3722 448 3786 iam
465 3719 656 3807 Spartacum
679 3729 710 3784 et
731 3728 838 3784 vetera
859 3719 942 3809 mala
962 3717 1138 3797 rumoribus

116 3811 236 3883 ferente
262 3815 393 3900 populo,
416 3827 451 3879 nt
472 3825 522 3880 est
542 3837 694 3880 novarum
717 3836 820 3878 rerum
843 3813 972 3897 cupiens
990 3811 1144 3896 pavidus-⁴

117 3930 187 3991 que.
206 3933 265 3975 nec
283 3912 382 3976 multo
399 3922 471 3997 post
489 3911 594 3976 clades
608 3911 654 3975 rei
666 3910 786 3980 navalis
800 3909 960 3993 accipitur,
979 3930 1043 3972 non
1056 3908 1138 3973 bello

117 4040 159 4049 -
177 4005 292 4090 quippe
310 4005 394 4070 haud
417 4006 494 4071 alias
513 4015 577 4074 tam
594 4005 724 4070 immota
746 4026 808 4089 pax
826 4041 867 4050 -
888 4001 944 4066 sed
962 4012 1083 4066 certum*
1098 4003 1139 4067 ad

118 4095 200 4160 diem
222 4099 255 4162 in
275 4098 491 4185 Campaniam¹
508 4099 609 4164 redire
635 4099 769 4172 classem
790 4098 874 4163 Nero
896 4099 1043 4176 iusserat,
1061 4120 1138 4163 >non

1288 286 1311 325 Ι·-
