<?xml version="1.0" encoding="UTF-8"?>
<!DOCTYPE html PUBLIC "-//W3C//DTD XHTML 1.0 Transitional//EN"
    "http://www.w3.org/TR/xhtml1/DTD/xhtml1-transitional.dtd">
<html xmlns="http://www.w3.org/1999/xhtml" xml:lang="en" lang="en">
 <head>
  <title>
</title>
<meta http-equiv="Content-Type" content="text/html;charset=utf-8" />
  <meta name='ocr-system' content='tesseract 3.04.00' />
  <meta name='ocr-capabilities' content='ocr_page ocr_carea ocr_par ocr_line ocrx_word'/>
</head>
<body>
  <div class='ocr_page' id='page_1' title='image "./corneliitacitio01haasgoog_0281.png"; bbox 0 0 2760 4874; ppageno 0'>
   <div class='ocr_carea' id='block_1_1' title="bbox 223 410 900 474">
    <p class='ocr_par' dir='ltr' id='par_1_1' title="bbox 223 410 900 474">
     <span class='ocr_line' id='line_1_1' title="bbox 223 410 900 474; baseline -0.007 0"><span class='ocrx_word' id='word_1_1' title='bbox 223 410 286 474; x_wconf 65' lang='grc'>204</span> <span class='ocrx_word' id='word_1_2' title='bbox 572 410 900 472; x_wconf 65' lang='lat' dir='ltr'>connaturalem</span> 
     </span>
    </p>
   </div>
   <div class='ocr_carea' id='block_1_2' title="bbox 175 504 1252 760">
    <p class='ocr_par' dir='ltr' id='par_1_2' title="bbox 175 504 1252 760">
     <span class='ocr_line' id='line_1_2' title="bbox 175 504 1252 656; baseline -0.01 -11"><span class='ocrx_word' id='word_1_3' title='bbox 175 604 205 650; x_wconf 78' lang='lat' dir='ltr'>rs</span> <span class='ocrx_word' id='word_1_4' title='bbox 247 605 252 615; x_wconf 90' lang='lat'>·</span> <span class='ocrx_word' id='word_1_5' title='bbox 286 577 381 642; x_wconf 80' lang='lat' dir='ltr'>Exim</span> <span class='ocrx_word' id='word_1_6' title='bbox 395 572 520 639; x_wconf 82' lang='lat' dir='ltr'>nivibus</span> <span class='ocrx_word' id='word_1_7' title='bbox 534 582 565 637; x_wconf 92' lang='lat' dir='ltr'>et</span> <span class='ocrx_word' id='word_1_8' title='bbox 578 570 736 636; x_wconf 90' lang='lat' dir='ltr'>montibus</span> <span class='ocrx_word' id='word_1_9' title='bbox 749 568 836 647; x_wconf 81' lang='lat' dir='ltr'>sessi,</span> <span class='ocrx_word' id='word_1_10' title='bbox 853 576 1025 655; x_wconf 87' lang='lat' dir='ltr'>postquam</span> <span class='ocrx_word' id='word_1_11' title='bbox 1039 504 1252 656; x_wconf 56' lang='lat' dir='ltr'>campdshlh</span> 
     </span>
     <span class='ocr_line' id='line_1_3' title="bbox 220 662 1252 760; baseline -0.016 -22"><span class='ocrx_word' id='word_1_12' title='bbox 220 669 423 760; x_wconf 85' lang='lat' dir='ltr'>pinquabant,</span> <span class='ocrx_word' id='word_1_13' title='bbox 438 667 535 752; x_wconf 90' lang='lat' dir='ltr'>copiis</span> <span class='ocrx_word' id='word_1_14' title='bbox 550 664 682 732; x_wconf 84' lang='lat' dir='ltr'>Carenis</span> <span class='ocrx_word' id='word_1_15' title='bbox 695 664 917 750; x_wconf 90' lang='lat' dir='ltr'>adiunguntur,</span> <span class='ocrx_word' id='word_1_16' title='bbox 935 662 1153 748; x_wconf 73' lang='lat' dir='ltr'><strong>tramissoque</strong></span> <span class='ocrx_word' id='word_1_17' title='bbox 1166 684 1252 729; x_wconf 83' lang='lat' dir='ltr'>amne</span> 
     </span>
    </p>
   </div>
   <div class='ocr_carea' id='block_1_3' title="bbox 173 755 1363 4230">
    <p class='ocr_par' dir='ltr' id='par_1_3' title="bbox 220 755 1345 1969">
     <span class='ocr_line' id='line_1_4' title="bbox 222 755 1253 853; baseline -0.009 -22"><span class='ocrx_word' id='word_1_18' title='bbox 222 766 311 853; x_wconf 86' lang='lat' dir='ltr'>Tigri</span> <span class='ocrx_word' id='word_1_19' title='bbox 328 772 489 850; x_wconf 79' lang='lat' dir='ltr'><strong>permeant</strong></span> <span class='ocrx_word' id='word_1_20' title='bbox 505 757 703 836; x_wconf 78' lang='lat' dir='ltr'>Adiabenos,</span> <span class='ocrx_word' id='word_1_21' title='bbox 722 780 854 843; x_wconf 88' lang='lat' dir='ltr'>quorum</span> <span class='ocrx_word' id='word_1_22' title='bbox 871 779 928 822; x_wconf 83' lang='lat' dir='ltr'>rex</span> <span class='ocrx_word' id='word_1_23' title='bbox 944 755 1054 823; x_wconf 82' lang='lat' dir='ltr'>Izates</span> <span class='ocrx_word' id='word_1_24' title='bbox 1073 757 1253 823; x_wconf 88' lang='lat' dir='ltr'>societatem</span> 
     </span>
     <span class='ocr_line' id='line_1_5' title="bbox 221 848 1254 941; baseline -0.011 -15"><span class='ocrx_word' id='word_1_25' title='bbox 221 857 415 925; x_wconf 76' lang='lat' dir='ltr'>Meherdatis</span> <span class='ocrx_word' id='word_1_26' title='bbox 437 854 541 941; x_wconf 90' lang='lat' dir='ltr'>palam</span> <span class='ocrx_word' id='word_1_27' title='bbox 562 852 719 929; x_wconf 91' lang='lat' dir='ltr'>induerat,</span> <span class='ocrx_word' id='word_1_28' title='bbox 745 851 779 916; x_wconf 93' lang='lat' dir='ltr'>in</span> <span class='ocrx_word' id='word_1_29' title='bbox 801 848 961 917; x_wconf 84' lang='lat' dir='ltr'>Gotarzen&#39;</span> <span class='ocrx_word' id='word_1_30' title='bbox 986 872 1048 936; x_wconf 88' lang='lat' dir='ltr'>per</span> <span class='ocrx_word' id='word_1_31' title='bbox 1073 852 1203 917; x_wconf 85' lang='lat' dir='ltr'>occulta</span> <span class='ocrx_word' id='word_1_32' title='bbox 1226 863 1254 917; x_wconf 93' lang='lat' dir='ltr'>et</span> 
     </span>
     <span class='ocr_line' id='line_1_6' title="bbox 221 943 1252 1040; baseline -0.009 -21"><span class='ocrx_word' id='word_1_33' title='bbox 221 953 323 1040; x_wconf 92' lang='lat' dir='ltr'>magis</span> <span class='ocrx_word' id='word_1_34' title='bbox 346 951 409 1015; x_wconf 89' lang='lat' dir='ltr'>lida</span> <span class='ocrx_word' id='word_1_35' title='bbox 430 945 612 1024; x_wconf 89' lang='lat' dir='ltr'>inclinabat;</span> <span class='ocrx_word' id='word_1_36' title='bbox 639 946 696 1011; x_wconf 89' lang='lat' dir='ltr'>sed</span> <span class='ocrx_word' id='word_1_37' title='bbox 718 944 863 1030; x_wconf 87' lang='lat' dir='ltr'>captain</span> <span class='ocrx_word' id='word_1_38' title='bbox 886 943 1022 1009; x_wconf 88' lang='lat' dir='ltr'>transitu</span> <span class='ocrx_word' id='word_1_39' title='bbox 1042 943 1252 1022; x_wconf 75' lang='lat' dir='ltr'>urbs·Ninos‚</span> 
     </span>
     <span class='ocr_line' id='line_1_7' title="bbox 222 1037 1253 1127; baseline -0.007 -16"><span class='ocrx_word' id='word_1_40' title='bbox 222 1045 434 1113; x_wconf 84' lang='lat' dir='ltr'>vetustissima</span> <span class='ocrx_word' id='word_1_41' title='bbox 452 1042 542 1108; x_wconf 90' lang='lat' dir='ltr'>sedes</span> <span class='ocrx_word' id='word_1_42' title='bbox 560 1038 728 1126; x_wconf 71' lang='lat' dir='ltr'>Assyriae,</span> <span class='ocrx_word' id='word_1_43' title='bbox 739 1052 778 1104; x_wconf 71' lang='lat' dir='ltr'>ct</span> <span class='ocrx_word' id='word_1_44' title='bbox 795 1038 813 1073; x_wconf 73' lang='lat'>¹</span> <span class='ocrx_word' id='word_1_45' title='bbox 831 1038 995 1107; x_wconf 88' lang='lat' dir='ltr'>castellum</span> <span class='ocrx_word' id='word_1_46' title='bbox 1011 1037 1145 1127; x_wconf 87' lang='lat' dir='ltr'>insigne</span> <span class='ocrx_word' id='word_1_47' title='bbox 1162 1039 1253 1117; x_wconf 79' lang='lat' dir='ltr'>sama,</span> 
     </span>
     <span class='ocr_line' id='line_1_8' title="bbox 221 1133 1254 1226; baseline -0.007 -20"><span class='ocrx_word' id='word_1_48' title='bbox 221 1142 305 1225; x_wconf 88' lang='lat' dir='ltr'>quod</span> <span class='ocrx_word' id='word_1_49' title='bbox 314 1151 471 1226; x_wconf 90' lang='lat' dir='ltr'>postremo</span> <span class='ocrx_word' id='word_1_50' title='bbox 484 1137 564 1200; x_wconf 89' lang='lat' dir='ltr'>inter</span> <span class='ocrx_word' id='word_1_51' title='bbox 572 1134 706 1199; x_wconf 90' lang='lat' dir='ltr'>Darium</span> <span class='ocrx_word' id='word_1_52' title='bbox 714 1144 808 1218; x_wconf 89' lang='lat' dir='ltr'>atque</span> <span class='ocrx_word' id='word_1_53' title='bbox 817 1133 1037 1199; x_wconf 75' lang='lat' dir='ltr'>Alexandrum</span> <span class='ocrx_word' id='word_1_54' title='bbox 1046 1134 1173 1220; x_wconf 90' lang='lat' dir='ltr'>proelio</span> <span class='ocrx_word' id='word_1_55' title='bbox 1182 1134 1254 1200; x_wconf 90' lang='lat' dir='ltr'>Per-</span> 
     </span>
     <span class='ocr_line' id='line_1_9' title="bbox 222 1225 1254 1316; baseline -0.007 -17"><span class='ocrx_word' id='word_1_56' title='bbox 222 1258 327 1300; x_wconf 87' lang='lat' dir='ltr'>sarum</span> <span class='ocrx_word' id='word_1_57' title='bbox 344 1233 407 1297; x_wconf 91' lang='lat' dir='ltr'>illic</span> <span class='ocrx_word' id='word_1_58' title='bbox 425 1252 500 1316; x_wconf 91' lang='lat' dir='ltr'>opes</span> <span class='ocrx_word' id='word_1_59' title='bbox 519 1228 727 1295; x_wconf 84' lang='lat' dir='ltr'>conciderant.</span> <span class='ocrx_word' id='word_1_60' title='bbox 749 1228 868 1293; x_wconf 90' lang='lat' dir='ltr'>interea</span> <span class='ocrx_word' id='word_1_61' title='bbox 884 1225 1043 1293; x_wconf 83' lang='lat' dir='ltr'>Gotarzes</span> <span class='ocrx_word' id='word_1_62' title='bbox 1062 1228 1153 1313; x_wconf 91' lang='lat' dir='ltr'>apud</span> <span class='ocrx_word' id='word_1_63' title='bbox 1170 1251 1254 1294; x_wconf 91' lang='lat' dir='ltr'>mon-</span> 
     </span>
     <span class='ocr_line' id='line_1_10' title="bbox 221 1318 1345 1408; baseline -0.006 -15"><span class='ocrx_word' id='word_1_64' title='bbox 221 1339 285 1393; x_wconf 87' lang='lat' dir='ltr'>tem</span> <span class='ocrx_word' id='word_1_65' title='bbox 303 1327 353 1391; x_wconf 89' lang='lat' dir='ltr'>cui</span> <span class='ocrx_word' id='word_1_66' title='bbox 372 1346 486 1389; x_wconf 88' lang='lat' dir='ltr'>nomen</span> <span class='ocrx_word' id='word_1_67' title='bbox 505 1320 677 1399; x_wconf 78' lang='lat' dir='ltr'>Sanbulos,</span> <span class='ocrx_word' id='word_1_68' title='bbox 700 1330 775 1386; x_wconf 82' lang='lat' dir='ltr'>rota</span> <span class='ocrx_word' id='word_1_69' title='bbox 790 1321 840 1386; x_wconf 92' lang='lat' dir='ltr'>dis</span> <span class='ocrx_word' id='word_1_70' title='bbox 856 1319 918 1386; x_wconf 92' lang='lat' dir='ltr'>loci</span> <span class='ocrx_word' id='word_1_71' title='bbox 935 1320 1150 1407; x_wconf 76' lang='lat' dir='ltr'>suscipiebat,</span> <span class='ocrx_word' id='word_1_72' title='bbox 1168 1344 1255 1408; x_wconf 89' lang='lat' dir='ltr'>prae·</span> <span class='ocrx_word' id='word_1_73' title='bbox 1341 1318 1345 1327; x_wconf 83' lang='grc'><strong>’</strong></span> 
     </span>
     <span class='ocr_line' id='line_1_11' title="bbox 221 1415 1254 1508; baseline -0.006 -22"><span class='ocrx_word' id='word_1_74' title='bbox 221 1422 315 1508; x_wconf 90' lang='lat' dir='ltr'>cipua</span> <span class='ocrx_word' id='word_1_75' title='bbox 333 1419 484 1504; x_wconf 89' lang='lat' dir='ltr'>religione</span> <span class='ocrx_word' id='word_1_76' title='bbox 505 1415 666 1493; x_wconf 87' lang='lat' dir='ltr'>Herculis,</span> <span class='ocrx_word' id='word_1_77' title='bbox 693 1415 748 1499; x_wconf 90' lang='lat' dir='ltr'>qui</span> <span class='ocrx_word' id='word_1_78' title='bbox 769 1423 908 1500; x_wconf 89' lang='lat' dir='ltr'>tempore</span> <span class='ocrx_word' id='word_1_79' title='bbox 930 1422 1012 1480; x_wconf 90' lang='lat' dir='ltr'>stato</span> <span class='ocrx_word' id='word_1_80' title='bbox 1034 1436 1095 1501; x_wconf 87' lang='lat' dir='ltr'>per</span> <span class='ocrx_word' id='word_1_81' title='bbox 1118 1416 1254 1498; x_wconf 89' lang='lat' dir='ltr'>quietem</span> 
     </span>
     <span class='ocr_line' id='line_1_12' title="bbox 220 1508 1255 1595; baseline -0.005 -15"><span class='ocrx_word' id='word_1_82' title='bbox 220 1524 327 1581; x_wconf 91' lang='lat' dir='ltr'>monet</span> <span class='ocrx_word' id='word_1_83' title='bbox 344 1511 522 1579; x_wconf 84' lang='lat' dir='ltr'>sacerdotes</span> <span class='ocrx_word' id='word_1_84' title='bbox 539 1520 574 1573; x_wconf 90' lang='lat' dir='ltr'>ut</span> <span class='ocrx_word' id='word_1_85' title='bbox 591 1508 742 1595; x_wconf 89' lang='lat' dir='ltr'>templum</span> <span class='ocrx_word' id='word_1_86' title='bbox 754 1508 843 1573; x_wconf 85' lang='lat' dir='ltr'>iuxta</span> <span class='ocrx_word' id='word_1_87' title='bbox 860 1529 958 1592; x_wconf 90' lang='lat' dir='ltr'>equos</span> <span class='ocrx_word' id='word_1_88' title='bbox 971 1508 1105 1573; x_wconf 78' lang='lat' dir='ltr'>venatui</span> <span class='ocrx_word' id='word_1_89' title='bbox 1123 1510 1255 1575; x_wconf 88' lang='lat' dir='ltr'>adorna-</span> 
     </span>
     <span class='ocr_line' id='line_1_13' title="bbox 221 1602 1255 1690; baseline -0.005 -15"><span class='ocrx_word' id='word_1_90' title='bbox 221 1622 270 1675; x_wconf 91' lang='lat' dir='ltr'>tos</span> <span class='ocrx_word' id='word_1_91' title='bbox 289 1609 414 1683; x_wconf 90' lang='lat' dir='ltr'>sistaut;</span> <span class='ocrx_word' id='word_1_92' title='bbox 437 1605 509 1689; x_wconf 90' lang='lat' dir='ltr'>equi</span> <span class='ocrx_word' id='word_1_93' title='bbox 526 1602 580 1668; x_wconf 93' lang='lat' dir='ltr'>ubi</span> <span class='ocrx_word' id='word_1_94' title='bbox 598 1603 758 1689; x_wconf 90' lang='lat' dir='ltr'>pharetras</span> <span class='ocrx_word' id='word_1_95' title='bbox 776 1602 846 1667; x_wconf 89' lang='lat' dir='ltr'>telis</span> <span class='ocrx_word' id='word_1_96' title='bbox 864 1612 994 1668; x_wconf 89' lang='lat' dir='ltr'>onustas</span> <span class='ocrx_word' id='word_1_97' title='bbox 1012 1622 1185 1690; x_wconf 86' lang='lat' dir='ltr'>accepere,</span> <span class='ocrx_word' id='word_1_98' title='bbox 1202 1627 1255 1690; x_wconf 92' lang='lat' dir='ltr'>per</span> 
     </span>
     <span class='ocr_line' id='line_1_14' title="bbox 221 1695 1255 1785; baseline -0.005 -17"><span class='ocrx_word' id='word_1_99' title='bbox 221 1703 319 1768; x_wconf 91' lang='lat' dir='ltr'>saltus</span> <span class='ocrx_word' id='word_1_100' title='bbox 328 1700 400 1785; x_wconf 82' lang='lat' dir='ltr'>vagi</span> <span class='ocrx_word' id='word_1_101' title='bbox 410 1711 499 1763; x_wconf 91' lang='lat' dir='ltr'>noete</span> <span class='ocrx_word' id='word_1_102' title='bbox 509 1699 636 1762; x_wconf 88' lang='lat' dir='ltr'>demum</span> <span class='ocrx_word' id='word_1_103' title='bbox 645 1696 752 1762; x_wconf 85' lang='lat' dir='ltr'>vacuis</span> <span class='ocrx_word' id='word_1_104' title='bbox 760 1695 912 1782; x_wconf 86' lang='lat' dir='ltr'>pharetris</span> <span class='ocrx_word' id='word_1_105' title='bbox 921 1695 1020 1763; x_wconf 89' lang='lat' dir='ltr'>multo</span> <span class='ocrx_word' id='word_1_106' title='bbox 1029 1717 1105 1761; x_wconf 88' lang='lat' dir='ltr'>curn</span> <span class='ocrx_word' id='word_1_107' title='bbox 1116 1698 1255 1763; x_wconf 81' lang='lat' dir='ltr'>anhelitu</span> 
     </span>
     <span class='ocr_line' id='line_1_15' title="bbox 220 1789 1254 1875; baseline -0.001 -16"><span class='ocrx_word' id='word_1_108' title='bbox 220 1795 364 1869; x_wconf 87' lang='lat' dir='ltr'>redeunt;</span> <span class='ocrx_word' id='word_1_109' title='bbox 390 1814 515 1855; x_wconf 88' lang='lat' dir='ltr'>rursum</span> <span class='ocrx_word' id='word_1_110' title='bbox 536 1791 629 1868; x_wconf 91' lang='lat' dir='ltr'>deus,</span> <span class='ocrx_word' id='word_1_111' title='bbox 655 1812 719 1875; x_wconf 89' lang='lat' dir='ltr'>qua</span> <span class='ocrx_word' id='word_1_112' title='bbox 740 1789 836 1855; x_wconf 86' lang='lat' dir='ltr'>silvas</span> <span class='ocrx_word' id='word_1_113' title='bbox 858 1791 1081 1875; x_wconf 84' lang='lat' dir='ltr'>pererraverit,</span> <span class='ocrx_word' id='word_1_114' title='bbox 1100 1801 1254 1857; x_wconf 88' lang='lat' dir='ltr'>nocturno</span> 
     </span>
     <span class='ocr_line' id='line_1_16' title="bbox 221 1882 1153 1969; baseline -0.003 -16"><span class='ocrx_word' id='word_1_115' title='bbox 221 1888 292 1953; x_wconf 80' lang='lat' dir='ltr'>visu</span> <span class='ocrx_word' id='word_1_116' title='bbox 309 1887 513 1961; x_wconf 88' lang='lat' dir='ltr'>demonstrat,</span> <span class='ocrx_word' id='word_1_117' title='bbox 532 1884 787 1969; x_wconf 86' lang='lat' dir='ltr'>reperiunturque</span> <span class='ocrx_word' id='word_1_118' title='bbox 805 1882 895 1948; x_wconf 85' lang='lat' dir='ltr'>fusae</span> <span class='ocrx_word' id='word_1_119' title='bbox 911 1884 1033 1969; x_wconf 90' lang='lat' dir='ltr'>passim</span> <span class='ocrx_word' id='word_1_120' title='bbox 1050 1884 1153 1950; x_wconf 80' lang='lat' dir='ltr'>ferae.</span> 
     </span>
    </p>

    <p class='ocr_par' dir='ltr' id='par_1_4' title="bbox 173 1976 1363 4135">
     <span class='ocr_line' id='line_1_17' title="bbox 173 1976 1255 2056; baseline -0.003 -9"><span class='ocrx_word' id='word_1_121' title='bbox 173 2009 204 2054; x_wconf 77' lang='lat' dir='ltr'>lt</span> <span class='ocrx_word' id='word_1_122' title='bbox 286 1980 435 2047; x_wconf 84' lang='lat' dir='ltr'>Ceterum</span> <span class='ocrx_word' id='word_1_123' title='bbox 454 1976 622 2054; x_wconf 90' lang='lat' dir='ltr'>Gotarzes,</span> <span class='ocrx_word' id='word_1_124' title='bbox 646 1977 786 2042; x_wconf 90' lang='lat' dir='ltr'>nondum</span> <span class='ocrx_word' id='word_1_125' title='bbox 808 1977 883 2043; x_wconf 90' lang='lat' dir='ltr'>satis</span> <span class='ocrx_word' id='word_1_126' title='bbox 905 1987 997 2043; x_wconf 91' lang='lat' dir='ltr'>aucto</span> <span class='ocrx_word' id='word_1_127' title='bbox 1015 1979 1177 2056; x_wconf 88' lang='lat' dir='ltr'>exercitu,</span> <span class='ocrx_word' id='word_1_128' title='bbox 1200 1979 1255 2044; x_wconf 88' lang='lat' dir='ltr'>llu-</span> 
     </span>
     <span class='ocr_line' id='line_1_18' title="bbox 221 2071 1254 2159; baseline -0.003 -17"><span class='ocrx_word' id='word_1_129' title='bbox 221 2077 305 2143; x_wconf 88' lang='lat' dir='ltr'>mine</span> <span class='ocrx_word' id='word_1_130' title='bbox 320 2073 436 2139; x_wconf 87' lang='lat' dir='ltr'>Corma</span> <span class='ocrx_word' id='word_1_131' title='bbox 447 2095 504 2158; x_wconf 95' lang='lat' dir='ltr'>pro</span> <span class='ocrx_word' id='word_1_132' title='bbox 519 2071 711 2137; x_wconf 91' lang='lat' dir='ltr'>munimento</span> <span class='ocrx_word' id='word_1_133' title='bbox 724 2071 779 2149; x_wconf 89' lang='lat' dir='ltr'>uti,</span> <span class='ocrx_word' id='word_1_134' title='bbox 798 2080 829 2136; x_wconf 90' lang='lat' dir='ltr'>et</span> <span class='ocrx_word' id='word_1_135' title='bbox 847 2093 1035 2158; x_wconf 83' lang='lat' dir='ltr'>quamquam</span> <span class='ocrx_word' id='word_1_136' title='bbox 1047 2094 1108 2159; x_wconf 92' lang='lat' dir='ltr'>per</span> <span class='ocrx_word' id='word_1_137' title='bbox 1119 2074 1254 2139; x_wconf 87' lang='lat' dir='ltr'>insecta·</span> 
     </span>
     <span class='ocr_line' id='line_1_19' title="bbox 222 2165 1252 2251; baseline -0.002 -15"><span class='ocrx_word' id='word_1_138' title='bbox 222 2173 322 2238; x_wconf 92' lang='lat' dir='ltr'>tiones</span> <span class='ocrx_word' id='word_1_139' title='bbox 344 2179 376 2234; x_wconf 87' lang='lat' dir='ltr'>et</span> <span class='ocrx_word' id='word_1_140' title='bbox 396 2167 521 2232; x_wconf 88' lang='lat' dir='ltr'>nuntios</span> <span class='ocrx_word' id='word_1_141' title='bbox 543 2166 584 2230; x_wconf 90' lang='lat' dir='ltr'>ad</span> <span class='ocrx_word' id='word_1_142' title='bbox 605 2165 758 2251; x_wconf 91' lang='lat' dir='ltr'>proelium</span> <span class='ocrx_word' id='word_1_143' title='bbox 780 2175 956 2244; x_wconf 86' lang='lat' dir='ltr'>vocaretur,</span> <span class='ocrx_word' id='word_1_144' title='bbox 982 2177 1110 2232; x_wconf 86' lang='lat' dir='ltr'>nectere</span> <span class='ocrx_word' id='word_1_145' title='bbox 1138 2190 1252 2241; x_wconf 90' lang='lat' dir='ltr'>moras,</span> 
     </span>
     <span class='ocr_line' id='line_1_20' title="bbox 221 2259 1252 2345; baseline -0.007 -13"><span class='ocrx_word' id='word_1_146' title='bbox 221 2267 307 2332; x_wconf 90' lang='lat' dir='ltr'>locos</span> <span class='ocrx_word' id='word_1_147' title='bbox 325 2272 445 2329; x_wconf 90' lang='lat' dir='ltr'>mutare</span> <span class='ocrx_word' id='word_1_148' title='bbox 467 2271 499 2326; x_wconf 89' lang='lat' dir='ltr'>et</span> <span class='ocrx_word' id='word_1_149' title='bbox 516 2260 620 2325; x_wconf 90' lang='lat' dir='ltr'>missis</span> <span class='ocrx_word' id='word_1_150' title='bbox 643 2259 874 2345; x_wconf 84' lang='lat' dir='ltr'>corruptoribus</span> <span class='ocrx_word' id='word_1_151' title='bbox 897 2260 1076 2326; x_wconf 85' lang='lat' dir='ltr'>exuendam</span> <span class='ocrx_word' id='word_1_152' title='bbox 1098 2261 1142 2326; x_wconf 91' lang='lat' dir='ltr'>ad</span> <span class='ocrx_word' id='word_1_153' title='bbox 1160 2261 1252 2327; x_wconf 84' lang='lat' dir='ltr'>tidem</span> 
     </span>
     <span class='ocr_line' id='line_1_21' title="bbox 221 2352 1251 2437; baseline -0.003 -12"><span class='ocrx_word' id='word_1_154' title='bbox 221 2360 328 2425; x_wconf 91' lang='lat' dir='ltr'>hostes</span> <span class='ocrx_word' id='word_1_155' title='bbox 346 2355 507 2423; x_wconf 88' lang='lat' dir='ltr'>emercari:</span> <span class='ocrx_word' id='word_1_156' title='bbox 527 2376 566 2419; x_wconf 87' lang='lat' dir='ltr'>ex</span> <span class='ocrx_word' id='word_1_157' title='bbox 583 2354 654 2437; x_wconf 90' lang='lat' dir='ltr'>quis</span> <span class='ocrx_word' id='word_1_158' title='bbox 671 2353 776 2419; x_wconf 90' lang='lat' dir='ltr'>Izates</span> <span class='ocrx_word' id='word_1_159' title='bbox 794 2352 989 2433; x_wconf 86' lang='lat' dir='ltr'>Adiabenus,</span> <span class='ocrx_word' id='word_1_160' title='bbox 1008 2376 1086 2419; x_wconf 89' lang='lat' dir='ltr'>mox</span> <span class='ocrx_word' id='word_1_161' title='bbox 1103 2353 1251 2422; x_wconf 85' lang='lat' dir='ltr'>Acbarus</span> 
     </span>
     <span class='ocr_line' id='line_1_22' title="bbox 221 2446 1354 2534; baseline -0.006 -14"><span class='ocrx_word' id='word_1_162' title='bbox 221 2453 365 2520; x_wconf 88' lang='lat' dir='ltr'>Arabum</span> <span class='ocrx_word' id='word_1_163' title='bbox 383 2473 455 2515; x_wconf 90' lang='lat' dir='ltr'>eum</span> <span class='ocrx_word' id='word_1_164' title='bbox 473 2447 610 2514; x_wconf 89' lang='lat' dir='ltr'>exercitu</span> <span class='ocrx_word' id='word_1_165' title='bbox 628 2446 814 2524; x_wconf 89' lang='lat' dir='ltr'>abscedunt,</span> <span class='ocrx_word' id='word_1_166' title='bbox 836 2448 962 2513; x_wconf 88' lang='lat' dir='ltr'>levitate</span> <span class='ocrx_word' id='word_1_167' title='bbox 979 2448 1105 2534; x_wconf 83' lang='lat' dir='ltr'>gentili,</span> <span class='ocrx_word' id='word_1_168' title='bbox 1129 2460 1164 2515; x_wconf 90' lang='lat' dir='ltr'>et</span> <span class='ocrx_word' id='word_1_169' title='bbox 1181 2451 1252 2534; x_wconf 89' lang='lat' dir='ltr'>quia</span> <span class='ocrx_word' id='word_1_170' title='bbox 1351 2506 1354 2531; x_wconf 47' lang='lat'>2</span> 
     </span>
     <span class='ocr_line' id='line_1_23' title="bbox 222 2541 1355 2634; baseline -0.005 -21"><span class='ocrx_word' id='word_1_171' title='bbox 222 2545 441 2634; x_wconf 85' lang='lat' dir='ltr'>experimentis</span> <span class='ocrx_word' id='word_1_172' title='bbox 468 2542 627 2628; x_wconf 88' lang='lat' dir='ltr'>cognitum</span> <span class='ocrx_word' id='word_1_173' title='bbox 650 2550 699 2606; x_wconf 91' lang='lat' dir='ltr'>est</span> <span class='ocrx_word' id='word_1_174' title='bbox 724 2541 873 2607; x_wconf 90' lang='lat' dir='ltr'>barbaros</span> <span class='ocrx_word' id='word_1_175' title='bbox 899 2541 992 2608; x_wconf 90' lang='lat' dir='ltr'>malle</span> <span class='ocrx_word' id='word_1_176' title='bbox 1013 2542 1120 2607; x_wconf 90' lang='lat' dir='ltr'>Roma</span> <span class='ocrx_word' id='word_1_177' title='bbox 1147 2556 1251 2629; x_wconf 89' lang='lat' dir='ltr'>petere</span> <span class='ocrx_word' id='word_1_178' title='bbox 1351 2544 1355 2613; x_wconf 74' lang='grc' dir='ltr'>ἶ</span> 
     </span>
     <span class='ocr_line' id='line_1_24' title="bbox 221 2634 1252 2728; baseline -0.005 -22"><span class='ocrx_word' id='word_1_179' title='bbox 221 2664 313 2728; x_wconf 85' lang='lat' dir='ltr'>reges</span> <span class='ocrx_word' id='word_1_180' title='bbox 335 2661 430 2723; x_wconf 89' lang='lat' dir='ltr'>quam</span> <span class='ocrx_word' id='word_1_181' title='bbox 452 2636 576 2701; x_wconf 86' lang='lat' dir='ltr'>habere.</span> <span class='ocrx_word' id='word_1_182' title='bbox 605 2644 637 2700; x_wconf 90' lang='lat' dir='ltr'>at</span> <span class='ocrx_word' id='word_1_183' title='bbox 654 2634 855 2701; x_wconf 86' lang='lat' dir='ltr'>Meherdates</span> <span class='ocrx_word' id='word_1_184' title='bbox 877 2636 989 2701; x_wconf 75' lang='lat' dir='ltr'>validis</span> <span class='ocrx_word' id='word_1_185' title='bbox 1008 2636 1135 2701; x_wconf 85' lang='lat' dir='ltr'>auxiliis</span> <span class='ocrx_word' id='word_1_186' title='bbox 1154 2638 1252 2701; x_wconf 89' lang='lat' dir='ltr'>nuda·</span> 
     </span>
     <span class='ocr_line' id='line_1_25' title="bbox 223 2730 1357 2815; baseline -0.004 -16"><span class='ocrx_word' id='word_1_187' title='bbox 223 2746 287 2810; x_wconf 91' lang='lat' dir='ltr'>tus,</span> <span class='ocrx_word' id='word_1_188' title='bbox 306 2743 479 2798; x_wconf 89' lang='lat' dir='ltr'>ceterorum</span> <span class='ocrx_word' id='word_1_189' title='bbox 496 2730 669 2815; x_wconf 87' lang='lat' dir='ltr'>proditione</span> <span class='ocrx_word' id='word_1_190' title='bbox 688 2739 848 2815; x_wconf 87' lang='lat' dir='ltr'>suspecta,</span> <span class='ocrx_word' id='word_1_191' title='bbox 867 2730 952 2814; x_wconf 92' lang='lat' dir='ltr'>quod</span> <span class='ocrx_word' id='word_1_192' title='bbox 967 2752 1066 2794; x_wconf 89' lang='lat' dir='ltr'>unum</span> <span class='ocrx_word' id='word_1_193' title='bbox 1084 2731 1250 2814; x_wconf 90' lang='lat' dir='ltr'>reliquum,</span> <span class='ocrx_word' id='word_1_194' title='bbox 1353 2750 1357 2763; x_wconf 91' lang='lat'><strong>·</strong></span> 
     </span>
     <span class='ocr_line' id='line_1_26' title="bbox 222 2823 1252 2909; baseline -0.003 -17"><span class='ocrx_word' id='word_1_195' title='bbox 222 2849 288 2892; x_wconf 87' lang='lat' dir='ltr'>rem</span> <span class='ocrx_word' id='word_1_196' title='bbox 300 2827 333 2890; x_wconf 91' lang='lat' dir='ltr'>in</span> <span class='ocrx_word' id='word_1_197' title='bbox 347 2847 455 2889; x_wconf 85' lang='lat' dir='ltr'>casum</span> <span class='ocrx_word' id='word_1_198' title='bbox 469 2825 542 2887; x_wconf 88' lang='lat' dir='ltr'>darc</span> <span class='ocrx_word' id='word_1_199' title='bbox 555 2823 735 2908; x_wconf 87' lang='lat' dir='ltr'>proelioque</span> <span class='ocrx_word' id='word_1_200' title='bbox 749 2823 882 2909; x_wconf 82' lang='lat' dir='ltr'>experiri</span> <span class='ocrx_word' id='word_1_201' title='bbox 891 2823 1011 2888; x_wconf 86' lang='lat' dir='ltr'>statuit:</span> <span class='ocrx_word' id='word_1_202' title='bbox 1024 2845 1084 2888; x_wconf 88' lang='lat' dir='ltr'>nee</span> <span class='ocrx_word' id='word_1_203' title='bbox 1099 2824 1252 2889; x_wconf 88' lang='lat' dir='ltr'>detrecta-</span> 
     </span>
     <span class='ocr_line' id='line_1_27' title="bbox 222 2914 1251 3004; baseline -0.002 -20"><span class='ocrx_word' id='word_1_204' title='bbox 222 2921 268 2984; x_wconf 87' lang='lat' dir='ltr'>vit</span> <span class='ocrx_word' id='word_1_205' title='bbox 288 2940 427 3004; x_wconf 87' lang='lat' dir='ltr'>pugnam</span> <span class='ocrx_word' id='word_1_206' title='bbox 451 2914 604 2981; x_wconf 89' lang='lat' dir='ltr'>Gotarzes</span> <span class='ocrx_word' id='word_1_207' title='bbox 627 2917 795 2982; x_wconf 86' lang='lat' dir='ltr'>deminutis</span> <span class='ocrx_word' id='word_1_208' title='bbox 821 2916 964 2982; x_wconf 88' lang='lat' dir='ltr'>hostibus</span> <span class='ocrx_word' id='word_1_209' title='bbox 987 2916 1094 2995; x_wconf 82' lang='lat' dir='ltr'>ferox3</span> <span class='ocrx_word' id='word_1_210' title='bbox 1122 2941 1251 2984; x_wconf 90' lang='lat' dir='ltr'>coneur-</span> 
     </span>
     <span class='ocr_line' id='line_1_28' title="bbox 222 3009 1250 3096; baseline -0.002 -18"><span class='ocrx_word' id='word_1_211' title='bbox 222 3034 354 3095; x_wconf 91' lang='lat' dir='ltr'>sumque</span> <span class='ocrx_word' id='word_1_212' title='bbox 372 3033 487 3095; x_wconf 86' lang='lat' dir='ltr'>magna</span> <span class='ocrx_word' id='word_1_213' title='bbox 504 3011 599 3075; x_wconf 89' lang='lat' dir='ltr'>caede</span> <span class='ocrx_word' id='word_1_214' title='bbox 617 3019 649 3075; x_wconf 91' lang='lat' dir='ltr'>et</span> <span class='ocrx_word' id='word_1_215' title='bbox 666 3010 813 3096; x_wconf 88' lang='lat' dir='ltr'>ambiguo</span> <span class='ocrx_word' id='word_1_216' title='bbox 831 3021 954 3088; x_wconf 89' lang='lat' dir='ltr'>eventu,</span> <span class='ocrx_word' id='word_1_217' title='bbox 973 3011 1074 3076; x_wconf 90' lang='lat' dir='ltr'>donec</span> <span class='ocrx_word' id='word_1_218' title='bbox 1094 3009 1250 3077; x_wconf 85' lang='lat' dir='ltr'>Carenem</span> 
     </span>
     <span class='ocr_line' id='line_1_29' title="bbox 221 3105 1251 3194; baseline -0.001 -21"><span class='ocrx_word' id='word_1_219' title='bbox 221 3106 394 3194; x_wconf 86' lang='lat' dir='ltr'>profligatis</span> <span class='ocrx_word' id='word_1_220' title='bbox 418 3105 557 3171; x_wconf 89' lang='lat' dir='ltr'>obversis</span> <span class='ocrx_word' id='word_1_221' title='bbox 580 3105 705 3191; x_wconf 87' lang='lat' dir='ltr'>longius</span> <span class='ocrx_word' id='word_1_222' title='bbox 728 3114 871 3170; x_wconf 87' lang='lat' dir='ltr'>evectum</span> <span class='ocrx_word' id='word_1_223' title='bbox 892 3106 1014 3191; x_wconf 87' lang='lat' dir='ltr'>integer</span> <span class='ocrx_word' id='word_1_224' title='bbox 1031 3115 1162 3194; x_wconf 87' lang='lat' dir='ltr'>atergo</span> <span class='ocrx_word' id='word_1_225' title='bbox 1185 3108 1251 3194; x_wconf 91' lang='lat' dir='ltr'>glo-</span> 
     </span>
     <span class='ocr_line' id='line_1_30' title="bbox 222 3199 1251 3288; baseline -0.001 -20"><span class='ocrx_word' id='word_1_226' title='bbox 222 3203 282 3268; x_wconf 90' lang='lat' dir='ltr'>bus</span> <span class='ocrx_word' id='word_1_227' title='bbox 296 3200 541 3267; x_wconf 85' lang='lat' dir='ltr'>circumveniret.</span> <span class='ocrx_word' id='word_1_228' title='bbox 564 3209 630 3263; x_wconf 89' lang='lat' dir='ltr'>tum</span> <span class='ocrx_word' id='word_1_229' title='bbox 644 3199 729 3263; x_wconf 92' lang='lat' dir='ltr'>omni</span> <span class='ocrx_word' id='word_1_230' title='bbox 743 3222 798 3285; x_wconf 89' lang='lat' dir='ltr'>spe</span> <span class='ocrx_word' id='word_1_231' title='bbox 811 3200 932 3285; x_wconf 88' lang='lat' dir='ltr'>perdita</span> <span class='ocrx_word' id='word_1_232' title='bbox 944 3199 1161 3280; x_wconf 87' lang='lat' dir='ltr'>Meherdates,</span> <span class='ocrx_word' id='word_1_233' title='bbox 1180 3225 1251 3288; x_wconf 93' lang='lat' dir='ltr'>pro-</span> 
     </span>
     <span class='ocr_line' id='line_1_31' title="bbox 223 3294 1251 3379; baseline -0.003 -16"><span class='ocrx_word' id='word_1_234' title='bbox 223 3298 320 3363; x_wconf 88' lang='lat' dir='ltr'>missa</span> <span class='ocrx_word' id='word_1_235' title='bbox 336 3295 495 3372; x_wconf 88' lang='lat' dir='ltr'>Parracis,</span> <span class='ocrx_word' id='word_1_236' title='bbox 518 3294 639 3379; x_wconf 88' lang='lat' dir='ltr'>paterni</span> <span class='ocrx_word' id='word_1_237' title='bbox 656 3294 791 3371; x_wconf 87' lang='lat' dir='ltr'>clientis,</span> <span class='ocrx_word' id='word_1_238' title='bbox 815 3304 954 3372; x_wconf 89' lang='lat' dir='ltr'>secutus,</span> <span class='ocrx_word' id='word_1_239' title='bbox 974 3294 1046 3359; x_wconf 90' lang='lat' dir='ltr'>dolo</span> <span class='ocrx_word' id='word_1_240' title='bbox 1064 3295 1135 3362; x_wconf 89' lang='lat' dir='ltr'>eius</span> <span class='ocrx_word' id='word_1_241' title='bbox 1153 3297 1251 3361; x_wconf 85' lang='lat' dir='ltr'>vinei-</span> 
     </span>
     <span class='ocr_line' id='line_1_32' title="bbox 223 3389 1251 3474; baseline -0.002 -17"><span class='ocrx_word' id='word_1_242' title='bbox 223 3405 274 3458; x_wconf 89' lang='lat' dir='ltr'>tur</span> <span class='ocrx_word' id='word_1_243' title='bbox 290 3392 482 3474; x_wconf 84' lang='lat' dir='ltr'>traditurque</span> <span class='ocrx_word' id='word_1_244' title='bbox 504 3389 627 3454; x_wconf 88' lang='lat' dir='ltr'>victori:</span> <span class='ocrx_word' id='word_1_245' title='bbox 650 3400 742 3472; x_wconf 88' lang='lat' dir='ltr'>atque</span> <span class='ocrx_word' id='word_1_246' title='bbox 760 3389 812 3453; x_wconf 91' lang='lat' dir='ltr'>ille</span> <span class='ocrx_word' id='word_1_247' title='bbox 835 3412 897 3453; x_wconf 92' lang='lat' dir='ltr'>non</span> <span class='ocrx_word' id='word_1_248' title='bbox 918 3389 1133 3474; x_wconf 90' lang='lat' dir='ltr'>propinquum</span> <span class='ocrx_word' id='word_1_249' title='bbox 1146 3413 1251 3474; x_wconf 89' lang='lat' dir='ltr'>neque</span> 
     </span>
     <span class='ocr_line' id='line_1_33' title="bbox 222 3483 1363 3570; baseline -0.004 -19"><span class='ocrx_word' id='word_1_250' title='bbox 222 3487 353 3551; x_wconf 86' lang='lat' dir='ltr'>Arsacis</span> <span class='ocrx_word' id='word_1_251' title='bbox 366 3486 406 3550; x_wconf 89' lang='lat' dir='ltr'>de</span> <span class='ocrx_word' id='word_1_252' title='bbox 419 3494 522 3570; x_wconf 87' lang='lat' dir='ltr'>gente,</span> <span class='ocrx_word' id='word_1_253' title='bbox 542 3484 598 3548; x_wconf 90' lang='lat' dir='ltr'>sed</span> <span class='ocrx_word' id='word_1_254' title='bbox 611 3483 817 3569; x_wconf 88' lang='lat' dir='ltr'>alienigenam</span> <span class='ocrx_word' id='word_1_255' title='bbox 832 3493 863 3547; x_wconf 92' lang='lat' dir='ltr'>et</span> <span class='ocrx_word' id='word_1_256' title='bbox 875 3483 1054 3549; x_wconf 88' lang='lat' dir='ltr'>Romanum</span> <span class='ocrx_word' id='word_1_257' title='bbox 1071 3483 1250 3570; x_wconf 84' lang='lat' dir='ltr'>increpans,</span> <span class='ocrx_word' id='word_1_258' title='bbox 1358 3514 1363 3563; x_wconf 66' lang='grc' dir='ltr'><em>ς</em></span> 
     </span>
     <span class='ocr_line' id='line_1_34' title="bbox 223 3566 1363 3655; baseline -0.002 -10"><span class='ocrx_word' id='word_1_259' title='bbox 223 3579 350 3646; x_wconf 86' lang='lat' dir='ltr'>auribus</span> <span class='ocrx_word' id='word_1_260' title='bbox 373 3580 487 3644; x_wconf 89' lang='lat' dir='ltr'>decisis</span> <span class='ocrx_word' id='word_1_261' title='bbox 508 3579 614 3642; x_wconf 91' lang='lat' dir='ltr'>vivere</span> <span class='ocrx_word' id='word_1_262' title='bbox 635 3578 734 3655; x_wconf 91' lang='lat' dir='ltr'>iubet,</span> <span class='ocrx_word' id='word_1_263' title='bbox 758 3577 894 3643; x_wconf 87' lang='lat' dir='ltr'>ostentui</span> <span class='ocrx_word' id='word_1_264' title='bbox 915 3577 1097 3642; x_wconf 86' lang='lat' dir='ltr'>clementiae</span> <span class='ocrx_word' id='word_1_265' title='bbox 1121 3601 1200 3643; x_wconf 86' lang='lat' dir='ltr'>suae</span> <span class='ocrx_word' id='word_1_266' title='bbox 1223 3589 1252 3643; x_wconf 89' lang='lat' dir='ltr'>et</span> <span class='ocrx_word' id='word_1_267' title='bbox 1359 3566 1363 3585; x_wconf 73' lang='lat'><em>¹</em></span> 
     </span>
     <span class='ocr_line' id='line_1_35' title="bbox 224 3669 1252 3751; baseline -0.004 -11"><span class='ocrx_word' id='word_1_268' title='bbox 224 3675 257 3740; x_wconf 91' lang='lat' dir='ltr'>in</span> <span class='ocrx_word' id='word_1_269' title='bbox 274 3697 331 3740; x_wconf 93' lang='lat' dir='ltr'>nos</span> <span class='ocrx_word' id='word_1_270' title='bbox 350 3674 636 3739; x_wconf 84' lang='lat' dir='ltr'>dehonestamento.</span> <span class='ocrx_word' id='word_1_271' title='bbox 663 3672 736 3736; x_wconf 91' lang='lat' dir='ltr'>dein</span> <span class='ocrx_word' id='word_1_272' title='bbox 754 3669 907 3737; x_wconf 89' lang='lat' dir='ltr'>Gotarzes</span> <span class='ocrx_word' id='word_1_273' title='bbox 925 3670 1034 3736; x_wconf 89' lang='lat' dir='ltr'>morbo</span> <span class='ocrx_word' id='word_1_274' title='bbox 1053 3670 1147 3751; x_wconf 88' lang='lat' dir='ltr'>obiit,</span> <span class='ocrx_word' id='word_1_275' title='bbox 1171 3673 1252 3738; x_wconf 88' lang='lat' dir='ltr'>acci·</span> 
     </span>
     <span class='ocr_line' id='line_1_36' title="bbox 225 3762 1252 3854; baseline -0.002 -22"><span class='ocrx_word' id='word_1_276' title='bbox 225 3780 337 3853; x_wconf 80' lang='lat' dir='ltr'>tuaque</span> <span class='ocrx_word' id='word_1_277' title='bbox 355 3769 389 3833; x_wconf 91' lang='lat' dir='ltr'>in</span> <span class='ocrx_word' id='word_1_278' title='bbox 405 3791 538 3854; x_wconf 83' lang='lat' dir='ltr'>regnum</span> <span class='ocrx_word' id='word_1_279' title='bbox 555 3766 704 3831; x_wconf 90' lang='lat' dir='ltr'>Vonones</span> <span class='ocrx_word' id='word_1_280' title='bbox 722 3765 837 3831; x_wconf 90' lang='lat' dir='ltr'>Medos</span> <span class='ocrx_word' id='word_1_281' title='bbox 861 3775 927 3830; x_wconf 88' lang='lat' dir='ltr'>tum</span> <span class='ocrx_word' id='word_1_282' title='bbox 948 3762 1148 3851; x_wconf 59' lang='lat' dir='ltr'>praesidens(</span> <span class='ocrx_word' id='word_1_283' title='bbox 1166 3766 1252 3831; x_wconf 89' lang='lat' dir='ltr'>nulla</span> 
     </span>
     <span class='ocr_line' id='line_1_37' title="bbox 224 3857 1252 3948; baseline 0 -22"><span class='ocrx_word' id='word_1_284' title='bbox 224 3863 296 3927; x_wconf 91' lang='lat' dir='ltr'>huic</span> <span class='ocrx_word' id='word_1_285' title='bbox 313 3885 463 3948; x_wconf 89' lang='lat' dir='ltr'>prospera</span> <span class='ocrx_word' id='word_1_286' title='bbox 480 3871 534 3927; x_wconf 88' lang='lat' dir='ltr'>aut</span> <span class='ocrx_word' id='word_1_287' title='bbox 547 3861 687 3938; x_wconf 89' lang='lat' dir='ltr'>adversa,</span> <span class='ocrx_word' id='word_1_288' title='bbox 705 3861 775 3944; x_wconf 92' lang='lat' dir='ltr'>quis</span> <span class='ocrx_word' id='word_1_289' title='bbox 794 3870 1029 3925; x_wconf 86' lang='lat' dir='ltr'>memoraretur:</span> <span class='ocrx_word' id='word_1_290' title='bbox 1047 3857 1139 3925; x_wconf 89' lang='lat' dir='ltr'>brevi</span> <span class='ocrx_word' id='word_1_291' title='bbox 1157 3871 1190 3926; x_wconf 90' lang='lat' dir='ltr'>et</span> <span class='ocrx_word' id='word_1_292' title='bbox 1206 3862 1252 3926; x_wconf 90' lang='lat' dir='ltr'>in-</span> 
     </span>
     <span class='ocr_line' id='line_1_38' title="bbox 224 3953 1250 4043; baseline -0.001 -23"><span class='ocrx_word' id='word_1_293' title='bbox 224 3957 323 4041; x_wconf 87' lang='lat' dir='ltr'>glorio</span> <span class='ocrx_word' id='word_1_294' title='bbox 341 3957 471 4042; x_wconf 90' lang='lat' dir='ltr'>imperio</span> <span class='ocrx_word' id='word_1_295' title='bbox 488 3955 670 4041; x_wconf 85' lang='lat' dir='ltr'>perfunctus</span> <span class='ocrx_word' id='word_1_296' title='bbox 689 3965 745 4032; x_wconf 87' lang='lat' dir='ltr'>est,</span> <span class='ocrx_word' id='word_1_297' title='bbox 764 3976 876 4038; x_wconf 89' lang='lat' dir='ltr'>resque</span> <span class='ocrx_word' id='word_1_298' title='bbox 893 3953 1083 4043; x_wconf 83' lang='lat' dir='ltr'>Parthorum</span> <span class='ocrx_word' id='word_1_299' title='bbox 1099 3953 1135 4018; x_wconf 92' lang='lat' dir='ltr'>in</span> <span class='ocrx_word' id='word_1_300' title='bbox 1152 3955 1250 4019; x_wconf 90' lang='lat' dir='ltr'>filium</span> 
     </span>
     <span class='ocr_line' id='line_1_39' title="bbox 226 4049 821 4135; baseline 0.002 -22"><span class='ocrx_word' id='word_1_301' title='bbox 226 4051 292 4114; x_wconf 88' lang='lat' dir='ltr'>eius</span> <span class='ocrx_word' id='word_1_302' title='bbox 311 4049 492 4135; x_wconf 87' lang='lat' dir='ltr'>Vologesen</span> <span class='ocrx_word' id='word_1_303' title='bbox 510 4049 685 4114; x_wconf 87' lang='lat' dir='ltr'>translatae.</span> <span class='ocrx_word' id='word_1_304' title='bbox 815 4058 821 4070; x_wconf 87' lang='lat'>’</span> 
     </span>
    </p>

    <p class='ocr_par' dir='ltr' id='par_1_5' title="bbox 175 4143 1252 4230">
     <span class='ocr_line' id='line_1_40' title="bbox 175 4143 1252 4230; baseline 0.002 -24"><span class='ocrx_word' id='word_1_305' title='bbox 175 4169 206 4214; x_wconf 69' lang='lat'>15</span> <span class='ocrx_word' id='word_1_306' title='bbox 288 4143 334 4207; x_wconf 89' lang='lat' dir='ltr'>At</span> <span class='ocrx_word' id='word_1_307' title='bbox 347 4143 544 4210; x_wconf 88' lang='lat' dir='ltr'>Mithridates</span> <span class='ocrx_word' id='word_1_308' title='bbox 557 4145 759 4229; x_wconf 89' lang='lat' dir='ltr'>Bosporanus</span> <span class='ocrx_word' id='word_1_309' title='bbox 774 4144 897 4210; x_wconf 89' lang='lat' dir='ltr'>amissis</span> <span class='ocrx_word' id='word_1_310' title='bbox 912 4143 1023 4230; x_wconf 89' lang='lat' dir='ltr'>opibus</span> <span class='ocrx_word' id='word_1_311' title='bbox 1036 4165 1152 4230; x_wconf 79' lang='lat' dir='ltr'>vagus,</span> <span class='ocrx_word' id='word_1_312' title='bbox 1165 4154 1252 4230; x_wconf 89' lang='lat' dir='ltr'>post·</span> 
     </span>
    </p>
   </div>
   <div class='ocr_carea' id='block_1_4' title="bbox 0 0 1387 4874">
    <p class='ocr_par' dir='ltr' id='par_1_6' title="bbox 0 0 1387 4874">
     <span class='ocr_line' id='line_1_41' title="bbox 0 0 1387 4874; baseline 0 0"><span class='ocrx_word' id='word_1_313' title='bbox 0 0 1387 4874; x_wconf 95' lang='lat' dir='ltr'> </span> 
     </span>
    </p>
   </div>
  </div>
 </body>
</html>
