2760 4874
242 400 305 465 322
591 403 774 462 CORNELII
788 400 920 457 TACITI

1102 497 1122 526 a.
1132 497 1154 526 u.
1165 487 1211 526 sss.
1223 488 1269 526 sm.

241 591 312 635 mus
322 578 353 631 et
362 565 469 631 Veteri
478 585 541 628 non
551 562 670 626 alienus
684 559 795 635 fuerat,
814 579 897 640 aqua
910 566 1003 639 atque
1012 555 1078 641 igni
1091 554 1270 639 prohibitus

243 672 299 727 est.
318 660 429 726 liberto
443 670 474 722 et
492 655 666 722 accusatori
679 653 852 738 praemium
867 672 980 735 operae
993 650 1081 713 loeus
1095 649 1128 711 in
1146 648 1271 711 theatro

242 758 322 820 inter
335 755 468 818 datores
483 750 664 815 tribunicios
678 747 777 810 datur.
796 757 826 810 ct
839 745 957 810 mensis
971 744 1025 826 qui
1034 741 1179 827 Aprilem
1193 763 1271 804 eun-

243 850 377 931 demque
386 846 564 911 Neroneum
574 840 772 925 sequebatur,
782 839 899 915 Maius,
917 837 1052 912 Claudii,
1063 832 1271 929 IuniuslGer·

244 943 358 1008 manici
372 939 532 1006 vocabulis
546 947 714 1013 mutantur,
733 935 918 999 testificante
929 931 1076 998 Cornelio
1088 929 1200 1006 Orfito,
1216 930 1273 1012 qui

243 1039 277 1103 id
294 1043 466 1111 censuerat,
484 1035 555 1097 ideo
564 1032 691 1095 lunium
708 1051 849 1094 mensem
866 1027 1095 1101 transmissum,
1114 1025 1190 1107 quia
1207 1024 1272 1087 duo

243 1133 305 1196 iam
315 1129 467 1212 Torquati
480 1127 520 1192 ob
535 1126 652 1191 scelem
665 1122 818 1188 interfecti
832 1120 1005 1186 infaustum
1018 1140 1134 1183 nomen
1144 1117 1273 1181 Iunium

14 1260 23 1293 ι
41 1302 45 1313 Ι
244 1225 403 1289 fecissent.

195 1337 227 1386 18
309 1317 372 1381 Tot
389 1314 580 1380 facinoribus
594 1313 722 1377 foedum
736 1334 852 1374 annum
867 1310 960 1374 etiam
975 1308 1018 1372 dii
1032 1305 1272 1390 tempestatibus

245 1421 276 1475 et
288 1409 404 1474 morbis
418 1407 621 1494 insignivere:
640 1414 762 1470 vastata
772 1403 947 1488 Campania
960 1400 1082 1465 turbine
1095 1409 1273 1474 ventorum,

246 1505 299 1588 qui
317 1503 416 1580 villas,
435 1502 572 1578 arbusta,
596 1500 705 1585 fruges
722 1498 840 1582 passim
859 1496 981 1561 disiecit
997 1493 1186 1579 pertulitque
1204 1493 1274 1556 vio-

246 1599 371 1662 lentiam
391 1597 432 1660 ad
449 1597 551 1659 vicina
568 1594 652 1670 urbi3
670 1594 703 1657 in
720 1615 783 1676 qua
801 1613 892 1656 omne
909 1589 1087 1654 mortalium
1106 1610 1208 1673 genus
1223 1587 1273 1650 vis

246 1690 440 1776 pestilentiae
467 1687 729 1773 depopulabatur,
755 1686 842 1750 nulla
867 1685 945 1750 caeli
966 1683 1163 1767 intemperie,
1191 1703 1274 1765 quae

247 1794 421 1848 occurreret
439 1782 552 1857 oculis3
577 1781 634 1845 sed
651 1782 762 1844 domus
780 1779 961 1865 corporibus
980 1777 1142 1853 exanimis,
1161 1776 1275 1840 itinera

247 1875 408 1941 funeribus
423 1875 671 1960 complebantur3
690 1897 753 1938 non
767 1897 872 1951 sexus,
890 1896 953 1938 non
967 1882 1053 1936 aetas
1066 1870 1205 1956 periculo
1220 1894 1275 1933 va-

156 2023 160 2031 .
247 1993 320 2047 cua3
336 1969 462 2034 servitia
470 1969 599 2053 perinde
609 1980 640 2032 et
648 1969 784 2053 ingenua
792 1967 901 2053 plebes
910 1967 1022 2052 raptim
1032 1965 1183 2049 extingui,
1194 1965 1276 2028 inter

248 2064 415 2148 coniugum
429 2072 461 2126 et
473 2063 642 2126 liberorum
650 2062 795 2137 lamenta,
814 2060 952 2143 quidum
962 2059 1110 2136 assident,
1129 2059 1206 2121 dum
1221 2059 1276 2123 de-

247 2158 331 2233 flent,
351 2178 444 2241 saepe
463 2157 573 2220 eodem
590 2178 667 2241 rogo
681 2153 907 2218 cremabantur.
926 2153 1066 2236 equitum
1080 2161 1277 2216 senatorum-

247 2273 309 2334 que
321 2251 473 2326 interitus,
488 2249 631 2332 quamvis
645 2248 824 2333 promiscui,
838 2248 942 2311 minus
956 2246 1075 2310 flebiles
1086 2254 1183 2322 erant,
1195 2255 1277 2309 tarn-

248 2367 342 2428 quam
352 2335 509 2408 communi
517 2343 703 2406 mortalitate
718 2342 880 2406 saevitiam
888 2341 1036 2426 principis
1046 2339 1276 2424 praevenirent.

307 2437 431 2500 Eodem
440 2458 520 2500 anno
531 2436 661 2499 dilectus
671 2430 1278 2520 perGalliamNarbonensemAfricam-

248 2553 309 2614 que
327 2541 358 2594 et
366 2530 479 2594 Asiam
493 2530 591 2593 habiti
606 2539 677 2593 sunt
692 2529 872 2613 supplendis
881 2529 1014 2613 Illyricis
1028 2527 1216 2612 legionibus
1237 2550 1278 2590 ex

248 2624 362 2707 quibus
381 2634 481 2687 aetate
499 2634 553 2686 aut
566 2623 744 2687 valetudine
758 2623 835 2686 fessi
850 2631 1044 2697 sacramento
1063 2620 1277 2684 solvebantur.

249 2717 370 2780 cladem
379 2717 629 2801 Lugdunensem
643 2716 830 2801 quadragies
845 2716 987 2779 sestertio
997 2715 1113 2779 solatus
1128 2723 1177 2776 est
1190 2715 1278 2797 prin-

249 2831 334 2892 ceps,
353 2820 388 2870 ut
406 2810 523 2872 amissa
540 2808 610 2872 urbi
627 2821 827 2893 reponerent;
845 2831 940 2891 quam
957 2808 1122 2893 pecuniam
1140 2808 1280 2892 Lugdu-

249 2923 361 2964 nenses
380 2911 451 2963 ante
469 2901 645 2964 obtulerant
663 2903 748 2967 urbis
767 2903 902 2967 casibus.

200 3015 232 3061 14
315 2991 528 3069 C.Susrou10,
547 2995 665 3060 Luccio
680 2994 832 3061 Tunnsmo
851 2995 1031 3060 consulibus
1041 2994 1200 3058 Antistius
1218 2992 1280 3059 So-

251 3088 366 3165 sianus,
381 3086 528 3154 factitatis
538 3087 571 3150 in
580 3087 737 3152 Neronem
746 3089 935 3153 carminibus
948 3088 1107 3173 probrosis
1118 3088 1223 3164 exilio,
1243 3098 1280 3150 ut

250 3183 324 3258 dixi,
339 3181 497 3258 multatus,
512 3192 678 3265 postquam
688 3183 721 3246 id
730 3182 856 3246 honoris
867 3182 1021 3248 indicibus
1032 3191 1158 3263 tamque
1172 3204 1280 3264 prom-

249 3287 339 3361 ptum
348 3276 389 3338 ad
398 3275 509 3338 caedes
523 3276 695 3361 principem
705 3276 833 3360 accepit,
848 3276 969 3358 inquies
984 3275 1088 3340 animo
1098 3284 1128 3337 et
1137 3276 1281 3338 occasio-

251 3393 327 3433 num
336 3369 421 3432 haud
430 3369 537 3454 segnis
546 3368 760 3449 Pammenem,
776 3370 917 3434 eiusdem
930 3369 992 3433 loci
1001 3369 1124 3432 exulem
1138 3377 1169 3431 et
1181 3366 1282 3432 Chal-

252 3464 400 3527 daeorum
414 3471 479 3526 arte
493 3461 651 3527 famosum
664 3486 764 3546 eoque
777 3463 947 3528 multorum
956 3463 1100 3527 amicitiis
1114 3463 1280 3540 innexum,

252 3557 453 3621 similitudine
462 3555 604 3621 fortunae
615 3557 674 3621 sibi
684 3558 836 3630 conciliat.
854 3558 1005 3621 ventitare
1015 3557 1056 3620 ad
1068 3578 1140 3618 eum
1149 3559 1280 3621 nuntios

252 3661 284 3716 et
292 3651 534 3716 consultationes
548 3674 610 3715 non
620 3652 736 3717 frustra
744 3661 839 3728 ratus,
860 3650 953 3714 simul
966 3673 1102 3714 annuam
1110 3651 1281 3732 pecuniam

252 3743 437 3808 aP.Anteio
447 3746 614 3809 ministrari
623 3745 796 3830 cognoscit3
807 3767 908 3827 neque
917 3744 1057 3808 nescium
1066 3743 1282 3807 habebatAn-

253 3839 349 3902 teium
370 3839 497 3902 caritate
515 3838 711 3924 Agrippinae
733 3839 871 3903 invisum
892 3837 1023 3913 Neroni,
1048 3858 1187 3920 opesque
1210 3839 1281 3902 eius

252 3935 434 4018 praecipuas
445 3935 486 3998 ad
495 3934 677 3998 eliciendam
687 3934 872 4017 cupidinem,
892 3953 1023 4014 eamque
1033 3952 1161 3994 causam
1171 3930 1281 3995 multis

253 4028 347 4091 exitio
358 4051 437 4092 esse.
456 4029 552 4114 igitur
560 4028 739 4112 interceptis
749 4027 857 4091 Anteii
870 4027 991 4102 litteris,
1005 4024 1127 4088 furatus
1138 4024 1235 4088 etiam
1245 4026 1283 4088 li.

255 4119 351 4183 bellos
361 4121 474 4202 quibus
484 4122 550 4186 dies
561 4122 705 4206 genitalis
715 4122 781 4185 eius
796 4130 827 4185 et
836 4129 985 4189 eventura
994 4117 1120 4182 seeretis
1131 4116 1283 4182 Pamme-

254 4213 302 4278 nis
313 4213 556 4291 occultabantur,
567 4214 658 4279 simul
667 4215 797 4299 repertis
807 4236 886 4298 quae
896 4214 935 4278 de
945 4224 1014 4278 ortu
1024 4209 1283 4293 vitaqueOstcrii
