2760 4874
1032 112 1052 145 ἱ

416 243 623 304 ANNALIUhI
640 246 713 301 LIB.
726 248 765 303 II.
783 250 903 305 53-56.
1126 242 1166 306 67

134 342 256 394 scara
333 358 336 362 >

136 409 294 494 concepit.
326 417 359 471 et
379 404 537 470 ferebatur
560 403 748 470 Germanico
774 429 830 490 per
851 407 1014 496 ambages,
1042 422 1076 474 ut
1098 434 1166 477 mos

136 503 289 580 oraculis,
310 510 467 564 maturum
484 499 613 564 exitium
631 499 791 564 cecinisse.

200 596 251 661 At
270 595 332 661 Cn.
350 592 442 670 Piso,
460 614 523 676 quo
540 592 756 678 properantius
774 593 928 660 destinata
944 597 1105 683 inciperet,
1125 601 1168 665 ci·
1186 623 1218 669 55

137 693 268 757 vitatem
287 687 530 753 Atheniensium
548 685 672 751 turbido
690 687 816 753 incessu
834 691 1011 756 exterritam
1029 694 1168 758 oratione

139 807 235 852 saeva
257 784 414 867 increpat,
430 780 561 863 'oblique
583 777 808 846 Germanicum
830 784 1056 870 perstringens,
1083 789 1168 870 quod

139 889 249 945 canna
271 877 369 941 decus
387 874 522 939 Romani
544 874 679 939 nominis
702 898 765 940 non
782 874 991 943 Athenienses
1010 888 1056 944 tot
1073 881 1168 945 cladi·

139 972 198 1039 bus
216 971 388 1047 extinctos,
412 967 469 1032 sed
486 967 661 1032 conluviem
678 967 763 1032 illam
781 971 941 1034 nationum
959 973 1103 1038 comitate
1120 975 1168 1038 ni·

140 1066 203 1130 mia
216 1064 381 1130 coluisset:
400 1061 458 1126 hos
477 1061 559 1126 enim
577 1083 648 1126 esse
660 1060 852 1128 Mithridatis
871 1066 1020 1132 adversus
1035 1065 1165 1146 Sullam,

140 1158 274 1224 Antonii
296 1157 448 1221 adversus
471 1155 579 1221 divum
601 1153 784 1242 Augustum
807 1158 923 1238 socios3
946 1160 1040 1225 etiam
1062 1171 1167 1228 vetera

140 1251 333 1329 oblectabat,
360 1249 499 1333 quaein
520 1249 712 1315 Macedones
738 1251 932 1338 inprospere,
959 1254 1109 1320 violenter
1133 1257 1167 1321 in

143 1369 217 1412 suos
245 1345 411 1420 fecissent,
442 1343 582 1408 offensus
608 1343 678 1408 urbi
703 1347 828 1430 propria
854 1369 977 1432 quoque
1003 1349 1061 1426 ira,
1093 1350 1167 1433 quia

142 1438 356 1525 Theophilum
377 1437 534 1520 quendam
555 1437 642 1502 Areo
664 1437 778 1504 iudicio
800 1440 873 1504 falsi
895 1442 1075 1507 damnatum
1096 1465 1167 1528 pre-

141 1535 231 1600 cibus
254 1531 321 1597 suis
344 1554 409 1598 non
434 1532 648 1596 concederent
680 1533 752 1596 exin
774 1534 971 1620 navigatione
998 1537 1090 1602 celeri
1110 1560 1167 1623 per

141 1627 301 1714 Cycladas
315 1634 346 1690 et
360 1624 544 1709 compendia
556 1625 651 1690 maris
661 1625 842 1710 adsequitur
852 1627 1073 1695 Germanicum
1082 1633 1167 1716 apud

139 1721 277 1788 insulam
302 1719 466 1797 Rhodum,
493 1719 578 1784 haud
601 1720 743 1784 nescium
769 1721 883 1805 quibus
909 1725 1165 1791 insectationibus

139 1817 258 1902 petitus
273 1814 370 1880 soret:
389 1814 445 1878 sed
457 1823 544 1878 tanta
560 1815 798 1879 mansuetudine
816 1817 929 1903 agebat
946 1827 989 1895 ut,
1008 1841 1080 1883 cum
1098 1829 1167 1884 orta

139 1916 315 1994 tempestas
333 1915 456 1991 raperet
476 1906 509 1970 in
530 1905 662 1990 abrupta
686 1918 855 1992 possetque
880 1910 1022 1976 interitus
1047 1913 1165 1976 inimici

139 2004 182 2068 ad
198 2025 310 2068 casum
326 2000 443 2078 referri,
462 2001 581 2064 miserit
598 2001 730 2066 triremis
749 2025 881 2086 quarum
899 2005 1039 2070 subsidio
1057 2006 1166 2070 discri-

139 2097 218 2162 mini
235 2096 431 2162 eximeretur.
454 2117 555 2178 neque
578 2103 681 2159 tamen
704 2097 864 2181 mitigatus
881 2096 958 2162 Piso
980 2108 1012 2162 et
1033 2099 1087 2162 vix
1104 2100 1166 2163 diei

139 2217 262 2260 moram
287 2215 456 2278 perpessus
481 2191 594 2276 linquit
621 2189 843 2256 Germanicum
868 2193 1104 2277 praevenitque;
1134 2204 1166 2259 et

138 2298 308 2375 postquam
331 2285 457 2373 Syriam
478 2308 516 2353 ac
536 2287 676 2373 legiones
699 2286 814 2373 attigit,
837 2285 1012 2373 largitione,
1036 2286 1164 2366 ambitu,

139 2382 267 2447 infimos
288 2379 528 2465 manipularium
545 2380 697 2458 iuvanda,
721 2402 793 2444 cum
815 2388 935 2444 veteres
959 2381 1164 2459 centuriones,

139 2498 268 2542 severos
286 2475 427 2540 tribunos
445 2475 624 2539 demoveret
640 2475 771 2558 locaque
789 2496 898 2538 eorum
915 2474 1079 2540 clientibus
1098 2477 1164 2541 suis

138 2570 192 2636 vel
214 2569 380 2634 deterrimo
402 2568 514 2652 cuique
536 2569 730 2646 attribueret,
754 2569 906 2633 desidiam
927 2569 960 2632 in
982 2570 1106 2648 castris,
1128 2570 1166 2635 li-

139 2664 277 2730 centiam
292 2664 327 2728 in
343 2663 487 2740 urbibus,
505 2686 622 2748 vagum
640 2685 677 2727 ac
693 2662 907 2728 lascivientem
924 2686 1089 2751 peragras
1107 2666 1166 2729 mi-

139 2758 230 2823 litem
248 2758 375 2835 sineret,
399 2779 554 2840 eousque
577 2757 781 2842 corruptionis
799 2768 964 2842 provectus
982 2769 1082 2823 estut
1100 2782 1165 2824 ser-

137 2874 233 2917 mone
255 2852 343 2938 vulgi
364 2873 476 2936 parens
499 2850 659 2937 legionum
680 2850 854 2917 haberetur.
881 2875 940 2917 nec
956 2851 1109 2918 Plancina
1130 2876 1165 2919 se

138 2945 222 3011 intra
235 2945 348 3010 decora
361 2946 486 3010 feminis
500 2944 634 3022 tenebat,
655 2947 710 3011 sed
728 2947 874 3012 exercitio
888 2948 1037 3031 equitum,
1056 2949 1166 3013 decur-

140 3040 229 3105 sibus
244 3040 416 3104 cohortium
432 3039 593 3116 interesse,
611 3039 644 3102 in
658 3037 876 3126 Agrippinam,
895 3042 928 3105 in
941 3039 1165 3106 Germanicum

139 3133 345 3199 contumelias
362 3135 472 3210 iacere,
492 3132 679 3216 quibusdam
697 3135 790 3198 ctiam
803 3134 956 3200 bonorum
973 3135 1106 3198 militum
1125 3137 1166 3200 ad

138 3227 225 3292 mala
246 3227 396 3311 obsequia
413 3227 580 3312 promptis,
603 3228 688 3310 quod
709 3229 793 3292 haud
810 3229 907 3293 invito
924 3229 1166 3312 imperatoreea

138 3321 213 3385 fieri·
226 3323 366 3387 occultus
384 3345 491 3386 rumor
506 3321 679 3387 incedebat.
702 3332 777 3388 nota
795 3322 872 3386 haec
887 3319 1074 3386 Germanico
1080 3345 1089 3399 ;
1108 3321 1165 3385 sed

137 3415 295 3500 praeverti
312 3416 352 3480 ad
369 3414 537 3480 Armenios
556 3415 718 3481 instantior
735 3438 810 3481 cura
827 3415 895 3480 fuit.

203 3505 368 3594 Ambigua
384 3532 463 3595 gens
481 3531 519 3573 ea
536 3508 705 3592 antiquitus
723 3509 884 3574 hominum
901 3508 1035 3594 ingeniis
1053 3518 1084 3572 et
1102 3508 1165 3572 situ
1182 3529 1212 3576 56

138 3611 306 3680 terrarum,
330 3604 478 3687 quoniam
499 3603 613 3668 nostris
631 3604 799 3689 provinciis
823 3603 884 3667 late
902 3612 1062 3687 praetenta
1077 3602 1165 3688 peni-

138 3705 191 3760 tus
214 3695 256 3760 ad
276 3696 389 3762 Medos
412 3698 593 3783 porrigitur3
620 3697 827 3780 maximisque
852 3697 990 3782 imperiis
1013 3696 1164 3762 interiecti

138 3801 172 3856 et
189 3793 315 3878 saepius
338 3795 498 3862 discordes
522 3804 608 3871 sunt,
632 3794 782 3858 adversus
800 3793 961 3858 Romanos
984 3793 1055 3858 odio
1079 3792 1164 3857 etin

137 3885 294 3951 Parthum
319 3889 445 3954 invidia.
475 3911 588 3978 regem
613 3889 669 3953 illa
693 3897 876 3973 tempestate
907 3911 970 3952 non
995 3887 1162 3972 habebant,

138 3989 245 4046 amoto
263 3980 409 4064 Vonone3
428 3984 485 4050 sed
501 3985 591 4049 favor
607 3984 741 4050 nationis
759 3982 927 4049 inclinabat
942 3983 977 4048 in
993 3983 1162 4061 Zenonem,

953 4091 994 4148 5*
