2760 4874
225 392 287 461 :tut
574 394 758 451 CORNELII
772 392 913 451 TACITI

1165 498 1185 526 ι,
1194 499 1214 527 ιι.
1225 490 1266 527 813.

223 578 361 627 ceterum
387 554 520 621 abolitos
546 550 697 637 paulatim
718 552 838 637 patrios
862 574 973 617 morea
1002 552 1152 619 funditus
1179 558 1266 620 everti

224 680 280 741 per
297 654 429 717 arritum
446 647 624 721 lasciviam,
646 658 682 711 ut
699 646 785 729 quod
805 668 949 731 nsquam
972 649 1141 734 corrumpi
1158 659 1190 713 ct
1205 672 1267 714 cor-

224 770 368 833 rumpere
385 754 493 829 queat,
516 742 549 805 in
571 740 650 805 urbe
671 740 792 805 visatur
812 740 1061 827 degeneretque
1085 744 1196 807 studiis
1218 766 1266 808 ex·

225 843 321 907 ternis
343 842 488 904 ius-entus
510 834 678 919 gymnasia
698 845 732 899 et
751 834 817 899 otia
837 846 870 899 et
892 844 1010 921 turpes
1035 859 1164 902 amores
1186 860 1265 901 exer-

225 936 335 1009 cendo,
354 932 492 1017 principe
510 940 542 993 et
559 940 671 993 senatu
684 927 875 1005 auctoribus,
894 930 954 1013 qui
972 952 1045 995 non
1063 932 1162 997 modo
1178 932 1265 997 licen-

226 1026 406 1093 timaridis
433 1022 644 1109 permiserint,
671 1022 728 1087 sed
747 1022 813 1085 rim
839 1020 1037 1101 adhibeant,
1068 1037 1104 1089 ut
1129 1048 1264 1111 proceres

227 1120 360 1185 ltmsasni
383 1117 487 1203 spede
509 1116 685 1181 orationum
707 1126 738 1181 ct
759 1116 936 1181 carminum
957 1138 1062 1183 scena
1084 1120 1263 1205 polluantur.

225 1213 301 1297 quid
320 1232 498 1298 supremae,
521 1210 581 1273 nisi
599 1219 634 1272 ut
651 1230 782 1295 corpora
798 1230 928 1293 quoque
950 1210 1081 1275 nudent
1099 1223 1133 1277 et
1150 1223 1263 1279 caestus

225 1310 392 1371 ruluuuaut
409 1327 526 1389 easque
543 1326 666 1389 pugnm
684 1326 741 1389 pro
757 1302 869 1367 militia
886 1312 919 1367 ct
937 1304 1042 1371 annis
1062 1307 1263 1371 meditentur?

225 1424 266 1463 nn
293 1399 441 1463 iustitium
467 1396 571 1481 augeri
593 1407 625 1461 ot
649 1396 793 1461 decurias
818 1396 963 1479 equitum
991 1399 1168 1485 egregium
1192 1400 1262 1464 iudi·

226 1494 317 1557 cundi
340 1515 454 1557 munus
477 1490 670 1575 expleturos,
698 1490 726 1555 si
747 1490 864 1555 fractos
886 1512 987 1555 sonos
1011 1504 1048 1557 et
1071 1495 1262 1559 dulcedinem

226 1609 340 1650 vix-um
357 1586 456 1671 perite
474 1584 654 1649 audissent?
675 1593 783 1647 noctes
800 1604 926 1668 quoque
945 1584 1106 1651 dedecori
1123 1588 1261 1665 adiectos,

226 1704 265 1745 no
287 1682 372 1763 quod
396 1692 520 1765 tempus
542 1678 654 1765 pudori
672 1676 876 1761 relinquatur,
900 1678 961 1743 sed
983 1690 1085 1745 coetu
1102 1682 1260 1768 promisco,

226 1775 310 1857 quod
321 1774 549 1857 peulirissimus
563 1772 697 1857 quisque
711 1794 768 1857 per
776 1770 859 1835 diem
868 1773 1105 1857 concupiverit,
1119 1785 1262 1861 pertene-

227 1868 299 1931 bras
318 1868 442 1930 audeat.

175 1988 205 2033 ⁴21
292 1960 440 2025 Pluribus
458 1960 528 2045 ipsa
548 1960 674 2025 licentia
690 1958 845 2046 placebat,
868 1980 907 2025 ae
923 1968 1037 2026 tamen
1059 1962 1198 2029 honesta
1213 1987 1262 2029 no·

227 2058 311 2119 rniuu
325 2054 582 2140 praetendebant:
602 2054 734 2117 maiores
748 2074 872 2137 quoquc
885 2052 1182 2124 non'abhorruisse
1200 2080 1261 2144 spe-

227 2149 418 2212 ctaculorum
432 2147 667 2211 oblectamentis
682 2169 738 2232 pro
751 2148 876 2211 fortuna
887 2168 971 2229 quae
985 2157 1058 2214 tum
1073 2162 1153 2229 crat,
1170 2174 1260 2236 eoque

227 2268 245 2307 a
260 2243 374 2307 Tuscis
392 2242 509 2306 accitos
527 2241 703 2318 histriones,
723 2264 742 2306 a
759 2240 885 2306 Thuriis
904 2262 1072 2325 equorum·
1084 2246 1259 2321 certamina,

227 2350 256 2400 et
284 2358 433 2421 possessa
458 2334 582 2399 Achaia
606 2334 748 2418 Asiaque
773 2335 865 2399 ludos
890 2336 1034 2402 curatius
1062 2339 1184 2418 editos,
1209 2360 1261 2404 nec

226 2452 417 2513 quemquam
434 2429 555 2493 Romae
573 2427 705 2494 honesto
721 2430 790 2496 loco
808 2442 911 2494 ortum
928 2430 970 2494 ad
988 2431 1166 2500 theatrales
1183 2444 1260 2499 artes

226 2524 477 2609 ‹regonem-isse,
497 2523 639 2587 ducentis
653 2525 716 2587 iarn
729 2524 818 2589 annis
837 2547 856 2587 a
869 2524 910 2587 L.
924 2522 1081 2590 Mummii
1096 2528 1259 2613 triumpho,

227 2620 280 2701 qui
299 2619 416 2702 primus
435 2618 466 2680 id
484 2640 585 2703 genus
605 2618 773 2704 spectaculi
790 2618 823 2681 in
840 2616 917 2683 urbe
933 2618 1134 2702 praebuerit.
1162 2623 1219 2687 sed
1234 2631 1260 2685 et

227 2713 403 2775 consultum
425 2712 648 2796 parsimoniae,
676 2713 760 2795 quod
780 2722 931 2798 perpetua
953 2713 1048 2778 sedes
1073 2715 1199 2781 theatro
1219 2716 1260 2780 lo·

227 2818 296 2869 eata
315 2807 354 2869 sit
372 2806 476 2890 potius
494 2810 589 2887 qua'm
606 2806 760 2871 immenso
777 2816 905 2891 sumptu
922 2806 1068 2892 singulos
1087 2832 1151 2894 per
1167 2832 1258 2874 annos

226 2910 427 2985 consurgeret
445 2921 481 2962 ac
500 2902 719 2977 destrueretur3
742 2923 800 2964 nec
818 2900 946 2985 perinde
968 2902 1181 2987 magistratus
1198 2926 1259 2968 rem

225 2995 410 3057 tansiliarom
424 2993 632 3058 exhausturos
645 3004 700 3058 aut
712 2994 828 3079 populo
842 2994 1039 3080 efflagitandi
1054 2993 1186 3063 Graeca
1199 3020 1259 3062 cer-

225 3088 344 3151 tamina
361 3112 380 3151 a
398 3087 633 3173 magistratibus
656 3111 783 3154 causam
801 3088 882 3165 fore,
906 3110 978 3152 cum
996 3110 1036 3153 eo
1060 3102 1197 3177 sumptu
1212 3113 1257 3155 res

224 3181 351 3265 publiea
369 3181 526 3266 fungatur.
555 3192 710 3246 oratorum
728 3204 766 3246 ac
783 3193 891 3246 vatum
907 3181 1057 3247 victorias
1075 3184 1258 3251 incitamen-

225 3286 292 3338 tum
318 3276 452 3360 ingcniis
479 3275 642 3353 allaturas,
669 3298 728 3340 nec
753 3277 899 3360 cuiquam
925 3275 1022 3339 iudici
1044 3300 1149 3362 grave
1171 3301 1257 3344 aures

226 3370 336 3433 studiis
355 3370 493 3433 honestis
512 3380 543 3433 et
560 3370 772 3454 voluptatibus
796 3370 952 3434 concessis
970 3370 1147 3454 impertire.
1175 3373 1257 3437 laeti-

166 3492 176 3517 s
224 3463 286 3525 tiae
304 3463 405 3548 magis
429 3485 523 3544 quam
541 3462 688 3527 lasciviae
712 3464 778 3527 dari
795 3486 912 3548 paucas
935 3462 1031 3527 totius
1051 3465 1257 3549 quinquennii

226 3567 348 3634 noctes,
372 3557 487 3639 quibus
510 3567 596 3621 tanta
613 3557 682 3621 luce
704 3558 824 3643 ignium
846 3557 923 3621 nihil
939 3556 1085 3623 illicitum
1109 3559 1256 3624 occultari

224 3659 327 3733 queat.
356 3674 431 3715 sanc
449 3651 534 3715 nullo
552 3652 668 3737 insigni
690 3652 966 3716 dehonestamento
983 3651 1018 3714 id
1040 3655 1256 3737 spectaculum

127 3816 134 3827 Ι
224 3745 347 3807 transiit
365 3767 402 3808 ao
419 3767 458 3808 nc
476 3746 600 3808 modica
617 3745 743 3829 quidem
763 3745 865 3809 studia
882 3743 982 3829 plebis
1002 3767 1167 3825 exarsere,
1186 3747 1256 3830 quia

223 3839 336 3901 redditi
358 3861 548 3922 quamquam
571 3862 682 3904 scenae
703 3840 889 3925 pantomimi
910 3839 1137 3905 certaminibus
1162 3842 1255 3907 sacris

224 3932 476 4013 prohibebantur.
505 3934 699 4017 eloquentiae
722 3934 840 4018 primas
863 3955 955 3996 nemo
973 3932 1058 4009 tulit,
1084 3935 1144 3999 sed
1162 3936 1255 4002 victo-

223 4045 288 4085 rem
303 4046 372 4088 esse
387 4025 556 4091 Caesarem
568 4028 811 4112 pronuntiatum.
834 4027 939 4113 graeci
952 4027 1101 4106 amictus,-
1117 4033 1191 4113 quis
1202 4051 1254 4117 pcr

224 4136 278 4179 eos
296 4117 363 4180 dies
381 4118 520 4202 plerique
537 4123 742 4201 incesserant,
762 4133 829 4192 tum
847 4121 1058 4188 exoleverunt.
