2760 4874
400 363 605 420 arsamum
623 338 697 418 ira.
712 365 776 422 xv.
793 366 898 420 a-ra
1097 351 1160 417 289

138 467 159 505 p.
170 453 210 495 cn.
221 457 253 494 ee.

137 525 202 587 lum
225 523 284 587 sihi
307 522 363 586 sed
386 543 516 607 corpora
538 531 568 585 et
591 545 677 586 arma
699 521 731 585 in
753 521 876 586 hostem
894 522 967 586 data
985 522 1158 599 clamitans,

138 618 226 680 duxit
239 617 379 702 legiones
393 617 483 697 quasi
496 616 613 699 proelio
628 625 809 680 certaturus.
833 616 945 680 deinde
959 617 1075 688 amisso
1088 639 1160 680 cen-

139 712 258 775 turione
277 721 308 774 et
324 710 433 795 paucis
452 710 618 788 militibus,
645 733 724 792 quos
743 711 881 774 visendis
903 711 1041 783 hostium
1063 711 1160 794 copiis

138 805 350 889 praemiserat,
369 804 509 888 trepidus
526 805 686 880 remeavit,
707 814 737 869 et
755 805 828 887 quia
846 805 949 869 minus
968 805 1078 869 acriter
1096 804 1161 869 Vo-

137 898 261 984 logeses
279 897 442 974 institerat,
461 920 543 961 vana
559 921 667 962 rursus
681 898 796 962 fiducia
813 899 872 962 tria
884 898 970 963 milia
983 898 1095 962 delecti
1106 919 1162 982 pe·

138 992 209 1056 ditis
231 992 374 1075 proximo
397 990 494 1055 Tauri
516 992 591 1076 iugo
614 991 780 1076 imposuit,
806 1014 868 1075 quo
890 992 1055 1057 transitum
1077 991 1160 1076 regis

138 1093 290 1162 arcerent3
317 1084 417 1148 alares
445 1105 570 1167 quoque
591 1084 800 1162 Pannonios,
815 1085 910 1150 robur
932 1086 1102 1169 equitatus,
1128 1083 1161 1147 in

137 1187 224 1262 parte
242 1178 345 1262 campi
362 1177 460 1255 locat3
486 1178 601 1246 coniux
618 1200 656 1243 ac
672 1178 755 1242 filius
778 1179 918 1256 castello,
942 1179 993 1243 cui
1010 1178 1162 1241 Arsamo-

138 1281 206 1335 sata
231 1293 346 1335 nomen
373 1281 434 1347 est,
463 1270 574 1348 abditi,
602 1273 676 1335 data
701 1272 733 1335 in
754 1272 946 1356 praesidium
973 1271 1098 1336 cohorte
1124 1291 1162 1334 ac
1194 1302 1196 1306 ·

138 1365 279 1449 disperso
297 1364 408 1441 milite,
432 1365 486 1447 qui
507 1364 541 1428 in
558 1384 621 1430 uno
639 1364 764 1430 habitus
782 1388 900 1453 vagum
917 1365 1040 1434 hostem
1057 1386 1162 1448 prom·
1238 1437 1240 1441 ¹

137 1458 221 1542 ptius
232 1457 478 1522 sustentavisset.
498 1456 571 1522 **et
580 1481 673 1544 aegre
683 1459 878 1543 compulsum
888 1458 992 1522 ferunt
1001 1459 1162 1522 utinstan·

138 1562 201 1614 tem
212 1550 383 1616 Corbuloni
396 1551 553 1616 fateretur.
573 1575 631 1616 nec
645 1577 664 1616 a
674 1551 853 1618 Corbulone
866 1562 1082 1639 properatum,
1100 1570 1162 1633 quo

137 1646 341 1732 gliscentibus
359 1647 505 1732 periculis
525 1648 619 1712 etiam
637 1636 769 1712 subsidii
785 1648 855 1714 laus
874 1657 1049 1735 augeretur.
1068 1667 1162 1730 expe-

138 1741 196 1804 diri
222 1751 327 1804 tamen
352 1742 455 1806 itineri
482 1741 607 1828 singula
631 1743 719 1809 milia
740 1765 788 1807 ex·
806 1743 905 1808 trihus
931 1740 1108 1828 legionibus
1131 1749 1163 1802 et

138 1834 250 1899 alarios
269 1834 479 1921 octingentos,
497 1858 606 1920 parem
623 1858 788 1900 numerum
806 1859 824 1900 e
842 1837 1021 1902 cohortibus
1039 1834 1139 1899 iussit.

200 1929 247 1990 At
269 1926 459 2012 Vologeses,
486 1929 631 2011 quamvis
650 1929 782 1995 obsessa
800 1953 819 1994 a
836 1929 936 1994 Paeto
957 1931 1068 1993 itinera
1089 1927 1161 1990 hinc
1183 1949 1209 1992 11

136 2022 278 2107 peditatu
294 2022 367 2085 inde
386 2023 488 2105 equite
507 2023 693 2108 accepisset,
711 2024 788 2087 nihil
806 2033 925 2088 mutato
943 2021 1086 2097 consilia,
1106 2020 1163 2084 sed

138 2117 170 2179 ei
188 2138 224 2180 ac
241 2116 334 2180 minis
353 2116 453 2181 alares
472 2119 630 2194 exterruit,
648 2117 839 2204 legionarios¹
853 2117 996 2194 obtrivit,
1014 2137 1077 2179 uno
1095 2123 1163 2189 tan-

138 2221 205 2274 tum
228 2210 407 2274 centurione
426 2210 590 2293 Tarquitio
610 2209 780 2276 Crescente
799 2211 921 2288 turrim,
945 2212 978 2274 in
995 2232 1057 2293 qua
1073 2229 1164 2293 prae-

139 2304 252 2368 sidium
262 2304 411 2389 agitabat,
431 2304 599 2370 defendere
613 2328 691 2370 auso
704 2306 850 2389 factaque
863 2306 988 2390 saepius
1003 2302 1163 2388 eruptione

138 2408 170 2462 et
187 2399 286 2462 eaesis
305 2399 359 2481 qui
376 2398 579 2464 barbarorum
596 2401 725 2484 propius
744 2399 1041 2486 suggrediebantur,
1064 2398 1163 2460 donec

138 2492 259 2578 ignium
284 2492 367 2556 iactu
394 2493 683 2572 circumveniretur3
714 2495 857 2580 peditum
883 2493 1006 2578 siquis
1031 2493 1161 2576 integer,

137 2586 308 2672 longinqua
327 2597 360 2650 et
375 2588 454 2665 avia,
473 2588 627 2652 vulnerati
640 2599 743 2671 eastra
755 2589 936 2673 repetivere,
956 2589 1101 2652 virtutem
1115 2606 1164 2649 rc·

138 2681 197 2767 gis,
217 2681 378 2747 saevitiam
397 2691 427 2745 et
445 2683 551 2768 copias
570 2683 720 2768 gentium,
740 2693 853 2749 cuneta
869 2694 955 2748 metu
968 2681 1162 2756 extollentes,

138 2775 224 2839 facili
241 2774 423 2840 credulitate
441 2799 550 2841 eorum
567 2778 622 2861 qui
640 2779 750 2853 eadem
767 2779 937 2864 pavebant3
955 2800 995 2842 ne
1013 2778 1078 2840 dux
1095 2775 1164 2859 qui-

138 2869 210 2933 dem
226 2870 326 2935 obniti
344 2872 493 2950 adversis,
513 2873 570 2937 sed
587 2882 701 2938 cuncta
713 2873 841 2938 militiae
854 2873 962 2937 munia
974 2873 1163 2946 deseruerat,

139 2964 243 3029 missis
265 2965 378 3030 iterum
400 2967 442 3031 ad
464 2966 676 3033 Corbulonem
698 2968 858 3053 precibus,
881 2968 1001 3032 veniret
1021 2968 1163 3051 propere,

140 3057 230 3143 signa
248 3067 279 3121 et
296 3059 415 3140 aquilas
435 3069 466 3123 et
482 3084 597 3125 nomen
613 3061 768 3143 reliquum
782 3061 915 3153 infelicis
929 3060 1083 3125 exercitus
1097 3070 1165 3124 tue·

139 3161 290 3214 returt-se
308 3151 402 3214 fidem
420 3152 553 3231 interim,
572 3155 673 3218 donec
691 3155 756 3218 vita
774 3154 960 3238 subpeditet,
978 3160 1163 3216 retenturos.

204 3242 262 3306 Ille
271 3244 428 3308 interritus
439 3256 470 3309 et
482 3257 571 3331 parte
589 3249 748 3332 copiarum
763 3248 848 3332 apud
858 3245 984 3331 Syriam
996 3245 1113 3322 relicta,
1128 3255 1164 3308 ut
1184 3263 1214 3310 12

140 3337 333 3403 munimenta
345 3338 502 3423 Euphrati
519 3341 656 3425 inposita
672 3341 887 3417 retinerentur,
906 3361 970 3423 qua
986 3338 1164 3424 proximum

141 3441 172 3495 et
199 3431 423 3497 commeatibus
450 3455 514 3497 non
528 3456 688 3520 egenum,
720 3434 881 3519 regionem
904 3433 1163 3518 Commagenam,

141 3526 225 3589 exim
244 3525 492 3611 Cappadociam,
511 3528 584 3593 inde
601 3527 771 3593 Armenios
789 3528 912 3616 petivit3
937 3525 1165 3591 comitabantur

141 3620 311 3683 exercitum
331 3631 456 3706 praeter
478 3621 539 3686 alia
557 3632 646 3686 sueta
667 3621 749 3687 bello
771 3643 887 3706 magna
908 3621 955 3685 vis
974 3619 1164 3684 camelorum

141 3724 254 3778 onusta
279 3715 441 3792 frumenti,
468 3725 503 3778 ut
526 3715 619 3780 simul
640 3716 763 3780 hostem
785 3716 964 3798 famemque
986 3713 1163 3798 depelleret.

140 3809 275 3893 primum
294 3832 311 3873 e
328 3809 480 3894 perculsis
498 3809 663 3887 Paccium,
681 3809 774 3894 primi
785 3809 846 3895 ¹pili
864 3807 1090 3884 centurionem,
1109 3805 1165 3870 ob·

141 3901 228 3964 vium
246 3902 364 3979 habuit,
384 3903 457 3966 dein
469 3903 636 3988 plerosque
650 3903 798 3980 militum3
817 3924 896 3987 quos
910 3901 1050 3966 diversas
1069 3900 1164 3985 fugae

142 4018 254 4060 causas
277 3995 481 4062 obtendentes
503 3990 604 4062 redire
627 3997 668 4061 ad
690 3997 781 4082 signa
803 4006 834 4060 et
856 3996 1052 4083 clementiam
1068 3993 1165 4058 ‘Paeti

142 4090 276 4174 experiri
293 4090 453 4157 monebat:
473 4114 506 4158 se
525 4093 586 4158 nisi
604 4082 773 4173 victoribus
795 4091 947 4157 immitem
965 4113 1044 4157 esse.
1072 4090 1165 4155 simul

197 4208 267 4252 Taciti
278 4211 318 4251 eol.
330 4208 347 4252 l.
957 4201 993 4257 19
