2760 4874
389 379 598 439 ANNALIUM
611 379 686 435 LlB.
696 379 773 436 XVI.
793 379 912 434 18-21.
1100 366 1164 432 325

139 485 159 523 p.
171 472 210 513 Ch.
222 474 255 513 66.
1211 506 1214 511 .

137 543 265 617 iactans,
284 549 429 624 corrupto
443 539 484 602 ad
496 537 647 602 indicium
656 558 748 602 servo
761 537 968 622 ademptaque
982 536 1164 602 defensione
1195 508 1206 531 ¹

137 643 168 698 et
185 634 302 701 maiore
319 644 407 717 parte
425 632 562 696 familiae
580 633 614 696 in
631 631 736 695 vincla
752 641 850 716 rapta.

200 728 294 792 Forte
312 727 372 791 illis
392 726 502 790 diebus
519 726 727 811 Campaniam
739 726 892 810 petiverat
906 723 1034 802 Caesar,
1054 735 1085 789 et
1099 723 1164 795 Cu·
1184 747 1213 793 19

137 845 205 885 mas
224 843 325 904 usque
339 842 526 906 progressus
536 821 703 885 Petronius
722 820 786 890 illio
804 819 1000 884 attinebatur.
1018 841 1077 883 nec
1091 819 1165 891 tulit

137 915 218 980 ultra
231 915 351 979 timoris
369 926 423 979 aut
437 916 505 1001 spei
520 938 638 993 moras3
656 936 757 998 neque
777 924 882 978 tamen
898 936 1049 999 praeceps
1068 913 1164 978 vitam

138 1009 264 1094 expulit,
285 1010 342 1073 sed
354 1009 469 1073 incisas
483 1032 591 1085 venas,
610 1008 786 1085 utlibitum,
801 1008 955 1094 obligatas
965 1009 1084 1093 aperire
1096 1031 1165 1071 rur·

138 1126 208 1167 sum
227 1112 257 1166 et
274 1103 391 1186 alloqui
409 1103 542 1180 amicos,
565 1126 629 1167 non
645 1125 703 1187 per
721 1102 803 1167 seria
819 1112 873 1167 aut
895 1101 1009 1185 quibus
1032 1102 1165 1187 gloriam

138 1197 329 1262 constantiae
342 1207 475 1282 peteret3
494 1196 703 1281 audiebatque
717 1197 888 1262 referentes
901 1196 979 1259 nihil
997 1197 1035 1260 dc
1048 1197 1165 1260 inmor-
1230 1229 1232 1233 ·
1325 1262 1333 1285 τ
1355 1228 1359 1235 -

137 1291 254 1355 talitate
272 1291 394 1354 animae
412 1301 444 1355 et
461 1291 648 1375 sapientium
666 1291 800 1376 placitis,
820 1291 876 1354 sed
889 1290 972 1354 levia
984 1289 1122 1354 carmina
1135 1304 1166 1354 et

137 1385 246 1449 faciles
264 1406 385 1448 versus.
410 1407 572 1449 servorum
589 1385 668 1449 alios
686 1384 864 1470 largitione,
884 1384 1038 1467 quosdam
1055 1382 1165 1447 verbe-

137 1478 224 1542 ribus
242 1477 356 1541 affecit.
383 1477 452 1542 iniit
470 1478 593 1564 epulas,
622 1501 733 1542 somno
750 1477 895 1554 indulsit,
922 1486 956 1540 ut
972 1499 1165 1560 quamquam

138 1582 247 1637 coacta
264 1596 348 1637 mors
371 1572 517 1637 fortuitae
541 1573 652 1638 similis
676 1583 768 1639 esset.
794 1595 835 1637 ne
857 1568 1008 1637 codicillis'
1026 1573 1163 1655 quidem,

137 1667 223 1750 quod
244 1667 385 1753 plerique
406 1667 619 1752 pereuntium,
646 1667 803 1733 Neronem
825 1676 880 1731 aut
897 1666 1089 1753 Tigellinum
1111 1677 1165 1730 aut

138 1783 232 1844 quem
250 1762 347 1825 alium
363 1762 537 1846 potentium
555 1762 700 1827 adulatus
719 1772 780 1827 est:
804 1762 861 1827 sed
877 1762 997 1848 flagitia
1013 1761 1163 1847 principis

139 1854 197 1919 sub
223 1855 402 1920 nominibus
434 1856 626 1920 exoletorum
656 1856 906 1938 feminarumque
936 1865 968 1919 et
996 1856 1164 1918 novitatem

139 1947 290 2029 cuiusque
310 1949 409 2031 stupri
429 1948 612 2032 perscripsit
630 1957 723 2030 atque
745 1948 912 2035 obsignata
929 1947 1015 2011 misit
1031 1947 1163 2025 Neroni3

139 2041 295 2126 fregitque
313 2040 457 2118 anulum,
471 2063 510 2105 ne
528 2064 603 2105 mox
620 2042 694 2105 usui
707 2052 792 2105 esset
806 2042 847 2104 ad
858 2040 1003 2104 facienda
1015 2041 1163 2125 pericula.

189 2133 408 2220 AmbigentiN
410 2135 496 2200 eroni
505 2157 642 2218 quonam
650 2136 745 2200 modo
753 2134 892 2199 noctium
903 2157 1031 2198 suarum
1039 2134 1165 2219 ingenia
1183 2155 1215 2200 20

138 2238 343 2306 notescerent,
354 2228 483 2293 offertur
493 2227 581 2306 Silia,
591 2229 788 2295 matrimonio
799 2229 949 2293 senatoris
959 2228 1044 2292 haud
1057 2228 1166 2313 ignota
1200 2300 1204 2305 ⁵

139 2334 170 2387 ct
178 2323 239 2408 ipsi
252 2324 293 2386 ad
302 2345 428 2387 omnem
440 2318 603 2387 libidinem
617 2324 737 2388 adscita
750 2346 787 2387 ac
795 2322 944 2387 Petronio
952 2344 1104 2408 perquam
1117 2321 1165 2386 fa-

138 2417 282 2495 miliaris3
296 2417 441 2503 agiturin
449 2417 588 2495 exilium,
600 2427 760 2502 tamquam
768 2441 831 2482 non
842 2418 981 2482 siluisset
989 2440 1069 2500 quae
1078 2417 1166 2481 vide·

138 2522 186 2576 rat
194 2512 431 2596 pertuleratque,
438 2513 563 2597 proprio
573 2513 659 2577 odio:
670 2512 883 2576 atMinuoium
889 2512 1070 2588 Thermum,
1076 2534 1166 2596 prae-

103 2610 108 2620 '
138 2616 208 2669 tura
216 2605 368 2683 functum,
376 2606 524 2691 Tigellini
535 2605 1166 2689 simultatibusdcdit,quialibertusTher-

139 2700 183 2762 mi
192 2701 346 2782 quaedam
360 2701 399 2764 de
409 2700 567 2787 Tigellino
581 2700 747 2767 criminose
757 2700 918 2777 detulerat,
929 2722 1009 2784 quae
1023 2700 1167 2764 cruciati-

139 2792 199 2856 bus
213 2802 435 2858 tormentorum
452 2795 530 2880 ipse,
549 2805 699 2881 patronus
718 2794 786 2860 eius
804 2817 881 2860 nece
898 2795 1042 2859 inmerita
1055 2794 1164 2859 lueret.

204 2887 381 2952 Trucidatis
395 2897 440 2953 tot
452 2889 630 2975 insignibus
644 2890 719 2955 viris
734 2890 775 2955 ad
792 2900 988 2975 postremum
1000 2889 1084 2954 Nero
1102 2889 1164 2953 vir·
1183 2903 1213 2950 ει

139 2991 236 3044 tutem
253 2983 356 3067 ipsam
370 2984 534 3048 excindere
549 2984 728 3068 concupivit
740 2985 903 3049 interfecto
914 2984 1056 3048 Thrasea
1064 2983 1164 3047 Paeto

139 3086 170 3138 et
177 3074 418 3153 BarcaSorauo,
429 3077 504 3141 olim
512 3079 651 3160 utrisque
660 3078 812 3153 infensus,
822 3086 854 3141 et
862 3076 1082 3141 accedentibus
1092 3097 1165 3139 cau-

139 3169 183 3231 sis
202 3168 235 3229 in
249 3168 432 3245 Thraseam,
451 3169 536 3252 quod
553 3179 663 3234 senatu
682 3192 829 3254 egressus
845 3180 892 3233 est
905 3191 978 3232 cum
995 3168 1034 3231 de
1046 3167 1165 3253 Agrip-

139 3261 213 3345 pina
230 3261 404 3338 referretur,
423 3272 458 3325 ut
475 3264 656 3340 memoravi,
676 3264 821 3346 quodque
830 3262 1028 3326 Iuvenalium
1044 3261 1164 3326 ludicro

139 3379 251 3441 parum
265 3356 492 3440 expectabilem
506 3380 631 3441 operam
646 3357 841 3442 praebuerat,
861 3379 960 3440 eaque
974 3355 1107 3420 offensio
1120 3356 1165 3419 al-

139 3450 201 3513 tius
210 3449 400 3534 penetrabat,
415 3451 489 3533 quia
502 3451 586 3515 idem
596 3450 739 3515 Thrasea
747 3451 881 3528 Patavii,
895 3451 978 3514 unde
988 3460 1073 3514 ortus
1088 3462 1161 3524 erat,

139 3544 222 3607 ludis
232 3543 404 3608 *cetastis*
414 3569 433 3609 a
442 3545 578 3610 Troiano
587 3545 750 3610 Antenore
763 3545 912 3610 institutis
922 3543 1031 3609 habitu
1045 3544 1163 3628 tragico

140 3637 302 3704 cecinerat.
321 3639 372 3702 die
381 3661 505 3723 quoque
515 3663 577 3723 quo
586 3650 710 3725 praetor
718 3640 877 3714 Antistius
888 3640 928 3704 ob
937 3638 1051 3724 probra
1059 3638 1091 3701 in
1100 3637 1163 3701 Ne·
1278 3648 1280 3652 '

139 3754 248 3796 ronem
265 3734 438 3818 composita
456 3736 497 3798 ad
514 3746 646 3799 mortem
663 3734 884 3810 damnabatur,
902 3734 1025 3797 mitiora
1042 3732 1163 3795 censuit

141 3825 348 3911 obtinuitque3
367 3838 487 3893 etcum
505 3830 599 3893 deum
617 3830 751 3894 honores
760 3829 927 3914 Poppaeae
945 3829 1160 3903 decemuntur‚

142 3929 251 4002 sponte
264 3921 389 3999 absens,
412 3923 515 3987 f'uneri
529 3947 592 3988 non
604 3924 795 3988 interfuerat.
815 3944 895 4005 quac
918 3921 1086 3986 oblitterari
1099 3943 1162 3986 non

141 4012 381 4101 sinebatCapito
388 4015 606 4096 Cossutianus,
620 4034 742 4103 praeter
750 4017 890 4082 animum
899 4016 939 4080 ad
946 4015 1064 4101 flagitia
1072 4038 1162 4100 prae·

141 4107 266 4192 cipitem
278 4109 404 4193 iniquus
418 4111 587 4190 Thraseae,
603 4113 688 4197 quod
696 4112 877 4178 auctoritate
887 4105 954 4175 eius
963 4110 1159 4185 concidisset,

141 4204 275 4271 iuvantis
287 4205 422 4271 Cilicum
435 4206 565 4293 legatos,
577 4209 653 4272 dum
663 4206 850 4292 Capitonem
863 4206 1104 4291 repetundarum
1113 4205 1161 4268 in-
