2760 4874
433 395 637 452 ANNALIUM
653 395 727 448 LlB.
743 396 764 448 l.
782 395 867 448 4-7.
1139 381 1156 442 7

135 503 157 539 p.
168 488 208 532 cn
219 492 251 530 14.

135 556 277 621 Marciae
294 554 430 640 gemitus
449 562 549 617 semet
569 551 754 626 incusantis,
774 551 858 632 quod
876 571 971 614 causa
989 551 1075 614 exitii
1092 574 1158 614 ma-

134 652 193 714 rito
211 648 333 713 fuisset.
356 656 525 728 utcumque
543 667 577 709 se
596 667 633 708 ea
649 667 699 708 res
713 643 831 720 babuit,
851 644 979 707 vixdum
997 643 1157 728 ingressus

135 743 297 828 Illyricum
314 740 459 805 Tiberius
480 739 621 824 properis
644 739 751 817 matn's
773 738 882 802 litteris
904 738 1034 814 accitur3
1057 759 1158 821 neque

135 837 211 900 satis
221 844 402 920 conpertum
413 843 469 910 est,
481 833 649 919 spirantem
658 832 761 896 adhue
766 830 948 917 Augustum
957 832 1041 915 apud
1050 830 1159 924 urbem

134 929 248 994 Nolam
265 951 306 993 an
323 927 498 991 exanimem
514 925 697 1011 reppererit3
715 924 838 989 acribus
857 946 991 1007 namque
1009 925 1159 989 custodiis

135 1025 264 1088 domum
286 1031 317 1087 et
338 1022 406 1086 vias
429 1029 588 1105 saepserat
609 1019 705 1083 Livia
726 1018 1037 1101 laetique‘interdum
1059 1020 1159 1082 nuntii

135 1115 361 1202 vulgabantur,
389 1115 489 1178 donee
514 1112 648 1198 provisis
674 1134 754 1195 quae
781 1122 903 1196 tempus
930 1112 1090 1190 monebat,
1119 1114 1160 1176 si·
1221 1130 1224 1135 ’

137 1210 202 1273 mul
223 1209 398 1273 excessisse
414 1207 597 1292 Augustum
620 1216 650 1271 et
668 1228 771 1270 rerum
793 1206 884 1289 potiri
901 1205 1057 1270 Neronem
1075 1206 1162 1269 fama

138 1303 248 1368 cadem
267 1302 345 1365 tulit.

200 1396 342 1460 Primum
360 1395 481 1459 facinus
500 1395 574 1458 novi
590 1394 781 1479 principatus
804 1393 864 1457 fuit
880 1393 1025 1459 Postumi
1043 1392 1161 1480 Agrip-
1179 1413 1193 1458 6

137 1511 197 1574 pac
214 1489 334 1565 caedes,
353 1509 446 1570 quem
464 1488 607 1573 ignarum
625 1489 839 1570 inermumque
858 1488 1000 1571 quamvis
1018 1488 1159 1552 firmatus

138 1584 241 1647 animo
255 1582 392 1647 centurio
407 1604 500 1666 aegre
514 1581 657 1646 confecit.
675 1581 752 1644 nihil
766 1582 807 1645 de
818 1603 855 1645 ea
867 1603 901 1645 re
915 1581 1060 1646 Tiberius
1076 1583 1160 1666 apud

113 1686 281 1741 senatum
306 1667 466 1740 disseruit:
492 1676 589 1760 patris
616 1676 703 1739 iussa
729 1675 908 1752 simulabat,
935 1675 1048 1758 quibus
1071 1699 1161 1762 prae-

139 1770 314 1855 scripsisset
323 1769 446 1834 tribuno
456 1769 616 1835 custodiae
625 1770 777 1856 adposito,
787 1791 826 1833 ne
836 1779 1032 1834 cunctaretur
1043 1771 1161 1856 Agrip-

137 1886 210 1948 pam
228 1874 327 1928 morte
344 1863 490 1940 adficere,
513 1864 700 1947 quandoque
721 1863 789 1948 ipse
808 1885 988 1947 supremum
1006 1865 1088 1928 diem
1107 1886 1161 1928 ex-

138 1956 296 2041 plevisset.
314 1957 413 2021 multa
425 1957 492 2022 sine
506 1955 602 2021 dubio
617 1977 772 2038 saevaque
785 1954 952 2042 Augustus
965 1958 1006 2021 de
1020 1957 1160 2022 moribus

138 2048 345 2114 adulescentis
359 2061 498 2132 questus,
517 2059 552 2112 ut
566 2049 692 2113 exilium
707 2049 774 2112 eius
789 2058 914 2114 senatus
930 2050 1071 2115 consulto
1089 2075 1161 2116 san-

139 2143 252 2207 ciretur
277 2144 462 2227 perfecerat:
494 2153 632 2208 ceterum
657 2144 690 2207 in
715 2144 830 2208 nullius
856 2167 1006 2229 umquam
1033 2167 1160 2210 suorum

138 2257 247 2301 necem
270 2237 406 2313 duravit,
429 2257 531 2319 neque
551 2247 684 2302 mortem
705 2238 811 2322 nepoti
832 2260 889 2322 pro
912 2239 1077 2307 securitate
1098 2240 1161 2324 pri-

139 2330 227 2415 vigni
248 2329 375 2394 inlatam
399 2330 545 2395 credibile
568 2341 646 2396 erat:
673 2332 802 2417 propius
825 2353 913 2406 ver0,
941 2331 1103 2397 Tiberium
1124 2355 1162 2396 ac

138 2422 280 2499 Liviam,
298 2423 386 2486 illum
403 2433 502 2501 metu,
525 2423 606 2488 hanc
622 2424 838 2489 novercalibus
858 2425 952 2501 odiis,
976 2425 1113 2509 suspecti
1131 2435 1162 2488 et

138 2515 233 2580 invisi
248 2517 369 2582 iuvenis
388 2518 515 2581 caedem
529 2517 737 2583 festinavisse.
755 2517 909 2580 nuntianti
927 2517 1109 2594 centurioni,
1127 2528 1162 2581 ut

137 2630 207 2674 mos
225 2608 366 2686 militiae,
390 2609 508 2674 factum
527 2633 596 2675 esse
618 2612 703 2694 quod
720 2611 917 2694 imperasset,
940 2630 1042 2693 neque
1063 2609 1163 2697 impe-

138 2724 225 2766 rasse
243 2724 313 2767 sese
325 2711 363 2766 et
378 2704 530 2767 rationem
547 2704 622 2768 facti
639 2704 829 2771 reddendam
851 2705 936 2790 apud
954 2698 1162 2769 senatum're·

139 2788 273 2880 spondit.
297 2797 381 2879 quod
398 2807 565 2881 postquam
584 2796 753 2863 Sallustius
773 2797 919 2882 Crispus,
937 2798 1095 2885 particeps
1113 2821 1162 2863 se-.

138 2898 295 2953 cretorum
304 2889 381 2956 —zis
399 2891 440 2954 ad
458 2890 615 2954 tribunum
633 2893 760 2956 miserat
777 2892 935 2957 codicillos
950 2890 1162 2977 —comperit
1181 2924 1191 2945 ··
1227 2904 1237 2943 ··

139 2993 282 3048 metuens
296 3006 421 3049 nereus
435 2986 627 3063 subderetur,
647 2988 733 3051 iuxta
746 2987 920 3071 periculoso
934 2986 1006 3051 ficta
1019 3009 1075 3052 seu
1088 3009 1161 3053 vera
1185 3036 1189 3042 -
1221 2986 1228 2999 “

139 3086 308 3162 promeret,
335 3079 454 3143 monuit
475 3080 602 3143 Liviam
624 3104 663 3145 ne
686 3104 798 3145 arcana
820 3082 946 3158 domus,
973 3103 1012 3144 ne
1034 3080 1163 3147 consilia

140 3172 326 3248 amicorum,
344 3173 515 3238 ministeria
532 3175 664 3244 militum
675 3176 896 3261 vulgarentur,
919 3198 998 3239 neve
1016 3175 1162 3240 Tiberius

140 3267 206 3329 vim
231 3267 421 3352 principatus
447 3269 617 3333 resolveret
643 3281 755 3334 cuncta
776 3271 816 3334 ad
839 3280 981 3336 senatum
1007 3270 1162 3334 vocando:

141 3379 211 3422 eam
225 3361 432 3425 conditionem
446 3385 516 3428 esse
528 3363 701 3448 imperandi
713 3373 748 3426 ut
765 3386 828 3428 non
846 3364 934 3428 aliter
946 3364 1025 3428 ratio
1043 3373 1164 3428 constet

141 3474 237 3537 quam
255 3454 282 3517 si
294 3455 353 3518 uni
369 3456 525 3520 reddatur.

204 3546 251 3611 At
267 3547 388 3612 Romae
405 3572 494 3613 ruere
511 3551 544 3613 in
562 3551 721 3615 servitium
739 3551 897 3628 consules,
915 3561 1033 3636 patres,
1053 3572 1162 3632 eques:
1183 3573 1195 3618 7

141 3648 258 3722 quanto
271 3641 341 3724 quis
354 3641 521 3720 inlustrior,
540 3654 625 3709 tanto
639 3645 740 3729 magis
758 3644 831 3711 falsi
844 3667 881 3708 ae
894 3645 1078 3710 festinantes
1096 3644 1164 3707 vul-

141 3743 237 3816 tuque
256 3735 442 3820 composito‚
464 3759 505 3802 ne
522 3737 596 3802 laeti
618 3761 751 3802 excessu
773 3738 921 3822 principis
939 3760 1002 3801 neu
1019 3737 1163 3802 tristiores

140 3827 323 3910 primordi0,
341 3829 500 3910 lacrimas,
518 3834 683 3918 gaudium,
712 3841 856 3915 questus,
880 3833 1089 3897 adulationem
1106 3833 1164 3896 mi-

141 3919 280 3984 scebant.
305 3920 546 3989 Snx.Poura1ns
561 3937 592 3991 et
607 3925 680 3992 Sur.
696 3926 847 3990 Arsurum
861 3927 1005 3990 consules
1023 3927 1114 4011 primi
1132 3928 1164 3992 in

140 4011 240 4082 verba
252 4014 370 4080 Tiberii
385 4016 531 4084 Caesaris
544 4019 694 4096 iuravere,
713 4020 858 4104 apudque
873 4044 926 4086 eos
941 4019 1034 4086 Seius
1049 4020 1163 4087 Strabo

140 4115 174 4171 et
196 4105 235 4172 C.
254 4109 440 4189 Turranius,
462 4113 514 4178 ille
536 4116 758 4200 praetoriarum
781 4114 954 4180 cohortium
977 4116 1162 4200 praefectus,

1259 3398 1351 3581 U
