2760 4874
216 393 277 459 178
564 396 747 453 CORNELII
760 395 901 453 TACITI'

1137 486 1243 526 tutuo.

214 576 319 629 tamen
330 558 461 625 vocibus
478 578 535 641 per
551 577 631 638 quas
644 553 876 639 intellegeretur
887 550 1039 637 providus
1051 549 1244 618 futuromm:

214 676 349 738 namque
362 650 506 717 Macroni
519 671 582 713 non
596 647 703 712 abdita
716 645 849 731 ambage
862 640 1057 710 occidentem
1075 643 1118 710 ab
1137 667 1177 710 eo
1194 645 1246 710 de-

215 749 289 825 seri,
316 748 465 812 orientem
492 742 627 828 spectari
652 738 864 825 exprobravit,
891 748 923 804 ct
945 737 984 804 C.
1009 736 1144 804 Caesari
1165 738 1245 804 forte

214 853 281 909 orto
304 860 446 905 sermone
469 838 510 903 L.
535 834 657 901 Sullam
679 833 824 897 inridenti
850 832 957 899 omnia
977 829 1090 897 Sullae
1116 833 1196 897 vitia
1217 842 1247 896 et

213 936 330 1000 nullam
349 933 489 998 ciusdem
511 931 657 994 virtutem
675 927 855 992 habiturum
872 926 1038 1012 praedixit.
1055 926 1164 991 -simul
1181 949 1247 991 crc-

213 1030 278 1094 bris
297 1050 369 1093 cum
386 1025 521 1091 lacrimis
539 1024 691 1087 minorem
709 1044 750 1086 ex
766 1020 933 1106 nepotibus
952 1019 1144 1106 conplexus,
1168 1020 1246 1084 truci

214 1123 340 1188 alterius
349 1120 437 1185 vultu
448 1118 591 1196 ,occides
600 1117 683 1195 hune
692 1121 750 1180 tu“
764 1115 865 1199 inquit
875 1124 926 1194 „et
935 1124 966 1179 te
975 1114 1088 1179 alius.“
1104 1114 1168 1179 ¹sed
1176 1137 1247 1200 gra·

213 1225 359 1281 vescente
368 1212 537 1278 valitudine
551 1211 654 1275 nihile
669 1210 850 1276 libidinibus
863 1208 1036 1286 omittebat,
1051 1209 1086 1273 in
1095 1208 1247 1294 patientia

213 1309 435 1374 firmitudinem
453 1304 603 1371 simulans
623 1304 795 1387 solitusque
809 1303 934 1368 eludere
948 1303 1147 1368 medicorum
1163 1313 1246 1368 artes

213 1413 307 1486 atque
329 1424 383 1465 eos
411 1400 466 1482 qui
487 1409 560 1484 post
586 1398 777 1462 tricesimum
803 1397 914 1462 aetatis
939 1419 1059 1461 annum
1082 1397 1127 1461 ad
1152 1397 1247 1461 inter·

214 1496 376 1561 noscenda
398 1493 519 1579 corpori
546 1513 604 1557 suo
630 1491 719 1556 utilia
740 1491 791 1556 vel
813 1491 907 1556 noxia
933 1490 1027 1556 alieni
1052 1490 1181 1591 eopsilii
1201 1491 1247 1555 in-

214 1590 246 1653 di
269 1599 365 1653 erent.
1036 1634 1042 1641 -
1249 1616 1252 1620 *

159 1674 200 1788 37³)
246 1613 406 1746 gInterim
424 1680 545 1745 Romae
566 1679 679 1744 futuris
702 1678 796 1744 etiam
818 1678 1072 1764 post-Tiberium
1093 1678 1246 1743 caedibus

215 1775 335 1839 semina
353 1773 554 1838 iaciebantur.
582 1773 713 1840 Laelius
731 1772 852 1838 Balbus
873 1769 1037 1849 Acutiam,
1060 1771 1101 1837 P.
1125 1770 1248 1838 Vitellii

213 1868 371 1951 quondam
393 1889 538 1942 uxorem,
565 1867 736 1931 maiestatis
758 1865 983 1951 postulaverat3
1009 1887 1074 1950 qua
1095 1865 1247 1931 damnata

214 1984 287 2026 cum
303 1961 475 2046 pmemium
493 1960 667 2025 accusatori
685 1952 914 2036 desumeretur,
937 1958 1049 2024 Iunius
1068 1955 1174 2041 Otho,
1194 1960 1247 2023 tn·-

214 2055 318 2120 bunus
335 2055 447 2139 plebei,
466 2055 650 2130 intercessit,
669 2054 752 2117 unde
770 2053 831 2117 illis
849 2053 930 2130 odiu,
948 2074 1022 2117 mox
1037 2050 1164 2119 Othoni
1181 2052 1246 2117 exi·

216 2150 301 2214 tium.
325 2149 397 2212 dein
414 2149 582 2212 multorum
599 2146 758 2213 amoribus
776 2147 898 2212 famosa
914 2146 1089 2224 Albucilla,
1109 2147 1164 2212 e'ui
1180 2168 1246 2210 ma-

215 2243 392 2308 trimonium
402 2265 474 2307 eum
485 2240 589 2308 Satrio
601 2239 757 2317 Secundo,
772 2240 992 2307 coniurationis
1001 2241 1117 2318 indice,
1129 2241 1245 2317 suerat,

215 2338 353 2402 defertur
365 2337 521 2423 inpietatis
539 2337 572 2400 in
589 2336 775 2421 principem3
785 2334 1056 2400 connectebantur
1072 2343 1110 2398 ut
1127 2334 1244 2401 conscii

215 2441 246 2495 et
263 2432 396 2495 adulteri
413 2432 481 2495 eius
500 2429 560 2495 Cn.
578 2429 750 2506 Domitius,
769 2429 885 2495 Vibius
902 2428 1040 2504 Marsus,
1058 2430 1101 2494 L.
1121 2427 1244 2493 Arrun-

216 2525 286 2593 tius.
310 2525 348 2588 de
367 2525 550 2589 claritudine
563 2523 696 2587 Domitii
710 2545 805 2607 supra
816 2523 1002 2609 memoravi3
1020 2522 1153 2588 Marsus
1168 2544 1245 2606 quo-

215 2640 276 2700 que
290 2619 419 2682 vetustis
433 2617 601 2685 honoribus
616 2626 647 2681 et
659 2616 799 2683 inlustris
811 2617 923 2683 studiis
942 2626 1020 2681 erat:
1040 2616 1098 2681 sed
1117 2617 1244 2682 testium

215 2712 462 2796 interrogationi,
486 2712 647 2777 tormentis
666 2734 827 2775 servorum
844 2711 1027 2776 Macronem
1044 2712 1244 2796 praesedisse

215 2806 426 2868 commentarii
445 2807 485 2868 ad
503 2817 646 2870 sonatum
663 2806 751 2870 missi
773 2806 928 2883 ferebant,
951 2806 1120 2888 nullaeque
1138 2807 1173 2870 in
1190 2828 1244 2870 eos

214 2897 407 2980 imperatoris
429 2896 548 2962 litterae
572 2901 780 2984 suspicionem
804 2900 934 2977 dabant,
961 2899 1099 2964 invalido
1122 2922 1161 2964 ac
1182 2900 1245 2964 sor·

216 2999 299 3052 tasso
321 2989 429 3073 ignaro
451 2990 524 3054 ficta
540 2991 688 3076 pleraque
709 2994 751 3058 ob
773 2994 949 3057 inimicitias
967 2992 1140 3058 Macronis.
1153 3003 1243 3058 notas

166 3093 198 3138 54
217 3083 248 3146 in
258 3081 452 3147 Arruntium.
471 3085 566 3170 igitur
575 3087 734 3152 Domitius
748 3088 962 3152 defensionem
975 3086 1143 3164 meditans,
1157 3087 1243 3151 Mar·

160 3159 203 3203 ‘⁴⁸’
217 3200 281 3253 sus,
296 3187 455 3260 tamquam
469 3179 605 3244 inediam
619 3181 847 3258 destinavisset,
861 3181 1036 3266 produxere
1049 3181 1164 3258 vitam3
1183 3179 1244 3244 Ar·

215 3271 335 3335 runtius
363 3273 590 3337 cunctationem
618 3283 649 3337 et
674 3296 777 3339 moras
810 3274 1012 3343 suadentibus
1043 3274 1156 3339 amicis
1181 3297 1243 3338 non

216 3365 326 3430 eadem
343 3366 487 3432 omnibus
506 3368 619 3432 decora
636 3369 810 3453 respondit:
829 3368 889 3433 sibi
908 3369 983 3433 satis
1001 3368 1123 3445 aetatis,
1143 3389 1244 3452 neque

216 3459 301 3523 aliud
325 3461 547 3543 paenitendum
573 3483 668 3543 quam
689 3463 774 3544 quod
796 3462 876 3526 inter
897 3461 1031 3526 ludibria
1053 3471 1085 3526 et
1105 3461 1244 3546 pericula

217 3553 341 3616 anxiam
360 3565 516 3618 senectam
535 3555 744 3631 toleravisset,
763 3556 819 3619 diu
837 3555 966 3633 Seiano,
985 3577 1069 3619 nunc
1086 3550 1242 3631 Macroni,

217 3668 340 3731 semper
357 3647 448 3710 alicui
465 3649 638 3731 potentium
657 3649 792 3726 invisus,
814 3650 1002 3734 non‘culpa,
1027 3649 1081 3713 sed
1103 3659 1138 3713 ut
1155 3649 1244 3734 flagi-

216 3741 329 3807 tiorum
346 3741 514 3825 inpatiens3
538 3764 613 3806 sanc
630 3765 754 3827 paucos.
771 3752 802 3808 et
824 3766 985 3828 supremos
1008 3743 1160 3828 principis
1178 3744 1243 3807 dies

215 3857 309 3919 posse
327 3836 432 3899 vitari:
455 3838 718 3919 quemadmodum
741 3860 909 3902 evasurum
926 3837 1118 3902 imminentis
1135 3839 1241 3902 iuven-

216 3928 299 3990 tam?
325 3951 378 4005 an,
401 3951 477 3992 cum·
492 3929 637 3995 Tiberius
660 3940 732 4016 post
753 3941 872 3995 tautam
893 3954 996 3996 rerum
1019 3931 1242 4015 experientiam

216 4020 248 4082 vi
274 4021 492 4086 dominationis
520 4024 687 4090 convulsus
710 4035 741 4089 et
766 4035 903 4092 mutatus
927 4027 980 4102 sit,
1009 4023 1047 4088 C.
1072 4023 1242 4089 Caesarem

217 4114 271 4176 vix
288 4110 375 4178 linita
391 4118 536 4199 pueritia,
559 4119 702 4204 ignarum
718 4121 860 4185 omnium
878 4119 1094 4205 aut'pessimis
1113 4118 1242 4188 innutri-
