2760 4874
226 402 290 469 208
575 408 757 465 CORNELII
771 406 904 464 ‘rtem

1091 499 1255 539 ammam.

226 573 305 637 tauri
319 570 518 635 simulacrum
533 567 712 653 aspicimus,
730 565 805 650 quia
821 566 854 630 id
871 588 973 653 genus
986 566 1177 631 animalium
1193 590 1258 631 ara-

225 679 273 733 tro
288 665 439 740 subditur,
459 661 564 727 sulcus
578 660 764 746 designandi
777 660 884 746 oppidi
897 670 1040 746 coeptus,
1059 672 1095 725 ut
1109 682 1258 747 magnam

225 760 372 825 Herculis
391 781 476 822 aram
494 754 745 840 amplecteretur3
768 755 840 819 inde
858 755 951 820 certis
969 755 1083 841 spatiis
1105 756 1259 821 interiecti

225 855 344 941 lapides
363 876 419 938 pcr
434 852 498 915 ima
515 849 629 913 montis
647 848 796 928 Palatini,
814 850 856 915 ad
871 872 960 915 aram
979 849 1092 928 Consi,
1112 872 1190 916 mox
1207 872 1259 915 eu-

224 949 286 1013 rias
304 958 434 1023 veteres,
454 956 519 1009 tum
537 945 578 1009 ad
596 943 745 1008 sacellum
757 944 941 1023 Larundae3
960 944 1131 1028 forumque
1143 944 1259 1010 Roma·

223 1065 299 1106 num
318 1051 348 1105 ct
367 1038 557 1126 Capitolium
574 1059 638 1101 non
656 1061 676 1101 a
692 1037 828 1102 Romulo
851 1038 907 1104 scd
925 1061 945 1103 a
962 1038 1038 1103 Tito
1056 1038 1155 1104 Tatio
1173 1038 1259 1104 addi·
1373 1073 1374 1078 κ

223 1146 290 1199 tum
308 1132 377 1198 urbi
394 1132 566 1207 credidere3
590 1152 664 1195 mox
680 1152 737 1216 pro
755 1131 880 1196 fortuna
896 1131 1096 1216 pomoerium
1114 1141 1257 1197 auctum:

223 1239 254 1293 ct
272 1250 350 1311 quos
369 1236 434 1290 tum
453 1225 605 1291 Claudius
624 1224 772 1289 terminos
789 1225 942 1310 posuerit,
964 1224 1060 1289 facile
1078 1225 1213 1311 cognitu
1230 1237 1258 1290 et

223 1321 356 1407 publicis
374 1320 451 1385 actis
469 1319 687 1405 perscriptum.

172 1436 204 1485 aa
288 1414 326 1480 C.
346 1414 504 1490 Auamma,
528 1411 575 1476 M.
596 1410 719 1477 Summo
737 1410 919 1477 consulibus
942 1412 1073 1498 adoptio
1090 1413 1129 1477 in
1146 1412 1259 1479 Domi·

223 1511 299 1574 tium
318 1508 501 1574 auctoritate
515 1506 667 1571 Pallantis
685 1506 858 1584 festinatur,
877 1506 933 1591 qui
950 1505 1127 1572 obstrictus
1140 1508 1258 1595 Agrip-

222 1604 314 1690 piuac
327 1612 362 1665 ut
374 1602 554 1666 conciliator
567 1601 744 1686 nuptiarum
756 1610 787 1665 et
800 1622 875 1665 mox
887 1609 996 1686 stupro
1009 1600 1080 1665 eius
1094 1600 1257 1689 inligatus,

223 1695 401 1762 stimulabat
412 1693 579 1759 Claudium
589 1693 765 1759 consuleret
772 1693 817 1758 rei
826 1692 979 1779 publicae,
993 1693 1176 1760 Britannici
1182 1717 1259 1781 pue·

222 1790 324 1855 ritiam
350 1788 461 1853 robore
488 1786 707 1853 circumdaret:
739 1787 785 1853 sio
810 1788 895 1873 apud
920 1787 1029 1852 divum
1056 1786 1256 1875 Augustum,
1348 1861 1349 1865 ,

221 1906 412 1969 quamquam
430 1882 596 1968 nepotibus
615 1880 793 1958 subnixum,
811 1881 951 1967 riguisse
968 1882 1154 1968 privignos3
1172 1906 1193 1949 a
1205 1882 1258 1949 Ti·

222 1979 309 2045 berio
323 2001 417 2064 super
429 1978 584 2063 propriam
599 1977 728 2062 stirpem
741 1973 966 2041 Germanicum
983 1985 1206 2062 assumptum:
1225 1999 1257 2042 ae

222 2094 346 2157 quoque
360 2072 534 2156 accingeret
546 2071 659 2134 iuvene
673 2079 792 2155 partem
810 2090 955 2133 curarum
972 2070 1186 2154 capessituro.
1207 2070 1256 2135 his

222 2167 340 2232 evictus
363 2165 487 2230 biennio
509 2164 658 2228 maiorem
684 2172 760 2227 natu
781 2162 959 2228 Domitium
987 2161 1055 2228 filio
1081 2164 1256 2249 anteponit,

221 2259 328 2325 habita
350 2259 433 2344 apud
456 2267 598 2323 senatum
620 2257 758 2322 oratione
779 2256 812 2321 in
830 2255 964 2320 eundem
990 2276 1088 2340 quem
1107 2280 1130 2323 a
1145 2256 1257 2323 liberto

222 2363 384 2439 acceperat
401 2344 538 2417 modum.
567 2349 757 2416 adnotabant
774 2350 866 2435 periti
882 2349 1001 2415 nullam
1023 2350 1165 2416 antehac
1181 2351 1256 2416 ado·

221 2448 359 2533 ptionem
377 2447 457 2509 inter
479 2444 624 2529 patricios
644 2443 794 2508 Claudios
812 2443 953 2529 reperiri,
977 2465 1098 2527 eosque
1118 2444 1161 2510 ab
1179 2443 1256 2510 Atto

223 2540 341 2607 Clauso
359 2539 522 2605 continuos
540 2537 712 2602 dumvisse.

171 2653 204 2703 te
286 2633 434 2698 Ceterum
448 2641 536 2697 actae
549 2631 680 2716 principi
693 2640 808 2717 grates,
827 2632 1014 2715 quaesitiore
1027 2632 1062 2695 in
1073 2631 1256 2698 Domitium

222 2727 413 2802 adulatione;
440 2735 611 2810 rogataque
637 2723 689 2788 lex
711 2726 828 2808 quain
854 2724 1005 2791 familiam
1029 2723 1206 2791 Claudiam
1227 2737 1256 2791 et

221 2820 334 2884 n'omcu
343 2819 475 2882 Neronis
490 2818 647 2894 transiret;
662 2828 794 2903 augetur
807 2828 837 2882 et
851 2817 1029 2904 Agrippina
1043 2814 1256 2905 cognomento

221 2914 401 2998 Augustae:
420 2911 533 2994 quibus
548 2912 676 2996 patratis
691 2935 782 2977 nemo
796 2913 875 2977 adeo
888 2935 1000 2998 expers
1017 2914 1256 2980 misericordiae

222 3006 295 3084 fuit,
320 3028 413 3090 quem
435 3028 499 3069 non
516 3005 688 3069 Britannici
710 3006 853 3070 fortunae
875 3028 997 3070 maeror
1018 3007 1181 3073 afficeret:
1204 3009 1257 3073 de-

222 3102 339 3167 solatus
362 3099 510 3185 paulatim
533 3101 626 3163 etiam
650 3099 814 3165 servilibus
837 3100 1033 3177 ministeriis,
1060 3123 1123 3186 per
1145 3103 1255 3167 intem·

221 3197 343 3282 pestira
364 3216 516 3259 novercae
538 3193 643 3258 officia
663 3195 697 3257 in
722 3193 856 3258 ludibria
882 3193 1036 3272 vertebat,
1064 3195 1253 3285 intellegens

221 3291 307 3368 falsi3
331 3310 432 3372 nequo
455 3287 537 3351 enim
561 3309 691 3372 segnem
711 3288 741 3352 ei
758 3288 858 3352 fuisse
880 3286 1017 3352 indolem
1039 3288 1168 3369 ferunt,
1192 3291 1254 3356 sinc

221 3406 340 3459 verum,
361 3404 417 3447 seu
429 3381 575 3467 periculis
590 3381 825 3447 commendatus
838 3382 964 3446 retinuit
982 3380 1105 3448 famam
1120 3385 1192 3450 sine
1205 3407 1255 3450 cx·

221 3479 402 3564 parimento.
1114 3554 1119 3559 g

171 3592 202 3639 ‘27
287 3569 352 3636 Sed
369 3568 547 3655 Agrippina
569 3591 631 3652 quo
653 3569 717 3632 rim
741 3592 830 3634 suam
853 3570 946 3635 sociis
968 3572 1098 3654 quoque
1121 3573 1254 3639 nationi·

221 3665 280 3730 bus
299 3673 481 3739 ostentaret,
504 3663 537 3726 iu
554 3663 703 3748 oppidum
722 3663 891 3742 Ubiorum,
914 3664 947 3728 in
964 3678 1029 3747 quo
1050 3667 1164 3751 genita
1181 3675 1251 3740 erat,

222 3769 385 3823 veteranos
408 3757 622 3839 coloniamque
646 3758 758 3822 deduci
779 3759 937 3844 impetrat,
961 3758 1012 3822 cui
1033 3782 1157 3825 nomeu
1178 3759 1252 3826 indi·

223 3862 288 3916 tum
307 3874 324 3916 c
342 3850 494 3916 vocabulo
512 3851 626 3936 ipsius3
650 3873 686 3915 ac
704 3851 784 3917 forte
806 3852 962 3917 acciderat
978 3861 1015 3916 ut
1032 3872 1106 3917 eam
1129 3864 1250 3942 gentem
1329 3896 1332 3905 ·

222 3945 333 4009 Rheno
352 3955 580 4030 transgressam
599 3968 676 4008 avus
695 3944 840 4031 Agrippa
856 3946 890 4009 in
906 3946 1002 4009 fidem
1019 3947 1192 4032 acciperet.

286 4039 392 4102 Isdem
401 4038 592 4123 temporibus
606 4039 638 4102 in
653 4040 809 4124 superiore
820 4037 989 4104 Germania
997 4041 1193 4125 trepidatum
1201 4040 1249 4105 ad·
1328 4079 1330 4112 ;

223 4141 318 4195 ventu
331 4129 515 4195 Chattorum
533 4132 693 4196 latrocinia
711 4134 904 4219 agitantium,
923 4132 996 4197 dein
1013 4132 1097 4196 pm
1115 4132 1249 4221 Pompo-
