2760 4874
430 354 638 413 ANNALIUM
655 356 730 412 LIB.
744 357 793 414 IV.
811 358 931 414 44-47.
1131 347 1192 413 137

169 449 328 501 amam

168 540 268 604 pagos
291 537 387 599 equo,
410 514 499 579 cuius
521 513 602 579 foret
625 515 798 601 cognitum:
822 525 854 580 et
874 527 1021 602 repertus·
1037 540 1109 583 cum
1132 527 1194 584 tor-

168 612 281 677 mentis
308 610 400 674 edere
426 608 568 673 conscios
592 609 783 698 adigeretur,
809 630 887 674 voce
909 633 1024 696 magna
1051 634 1193 683 sermone

168 706 269 793 patrio
295 704 411 768 frustra
433 724 467 767 se
489 702 673 789 interrogari
695 703 877 768 clamitavit:
895 705 1091 769 adsisterent
1116 707 1194 771 socii

168 823 206 866 ao
228 807 418 886 spectarent3
445 797 562 861 nullam
584 799 648 862 vim
659 807 785 863 tantam
806 798 921 864 dolon's
944 799 1012 864 fore
1028 808 1063 863 ut
1080 801 1193 864 verita

168 906 232 959 tem
250 894 382 958 eliceret.
412 891 558 975 idemque
577 914 648 956 cum
665 902 791 977 postero
810 892 850 957 ad
867 893 1080 976 quaestionem
1097 903 1193 958 retm-

167 989 305 1065 heretur,
333 1007 371 1050 eo
392 985 464 1049 nisu
489 985 642 1071 proripuit
668 1009 702 1051 se
729 987 911 1053 custodibus
939 1009 1077 1071 saxoque
1099 997 1193 1072 eaput

168 1081 289 1147 adflixit
309 1090 345 1145 ut
367 1080 472 1144 statim
494 1081 731 1150 exanimaretur.
759 1080 909 1146 sedPiso
927 1081 1193 1146 Termestinorum

169 1175 240 1241 dolo
262 1196 373 1240 caesus
395 1173 541 1252 habetur,
565 1175 640 1258 quia
660 1175 810 1259 pecunias
828 1197 845 1239 e
862 1175 988 1260 publico
1005 1176 1192 1261 interceptas

168 1270 273 1336 acrius·
289 1292 383 1353 quam
400 1279 436 1334 ut
452 1270 619 1334 tolerarent
635 1268 760 1333 barbari
777 1269 918 1355 cogebat.
1084 1335 1088 1342 ,

233 1363 379 1430 Lnnruno
403 1361 596 1441 Gaaronrco,
625 1362 663 1428 C.
688 1361 833 1430 Canusio
861 1363 1041 1429 consulibus
1065 1363 1194 1428 decreta
1210 1384 1242 1431 46

168 1457 317 1542 triumphi
328 1458 464 1544 insignia
474 1457 625 1543 Poppaeo
641 1455 760 1522 Sabino
773 1458 912 1522 contusis
926 1457 1103 1522 Thraecum
1115 1479 1207 1543 gen-⁴

169 1551 266 1633 tibus,
286 1553 340 1636 qui
356 1552 509 1617 montium
528 1552 618 1617 editis
636 1552 755 1616 incultu
773 1560 866 1636 atque
885 1575 922 1617 eo
940 1551 1075 1617 ferocius
1094 1552 1193 1637 agita-

168 1645 254 1711 bant,
280 1669 376 1715 causa
393 1655 496 1712 motus
502 1686 521 1724 ‚-
535 1668 629 1732 super
645 1645 807 1711 hominum
829 1646 1003 1731 ingenium,
1026 1647 1110 1730 quod
1127 1646 1193 1731 pati

168 1740 299 1805 dilectus
326 1751 357 1805 et
382 1740 610 1805 validissimum
631 1762 787 1823 quemque
813 1740 941 1805 militiae
966 1749 1092 1805 nostrae
1118 1740 1192 1804 dare

167 1834 427 1919 aspernabantur,
450 1856 490 1899 ne
507 1833 635 1920 regibus
654 1835 781 1917 quidem
802 1834 1047 1919 parerenisiex
1063 1833 1192 1898 libidine

168 1928 264 2006 soliti,
292 1938 346 1993 aut
368 1929 395 1994 si
416 1924 573 1994 mitterent
595 1929 725 2006 auxilia,
753 1951 826 1994 suos
853 1929 998 1994 ductores
1024 1929 1192 2014 praeficere

167 2044 226 2086 nec
242 2023 304 2087 nisi
325 2023 492 2088 adversum
514 2022 636 2100 accolas
659 2023 856 2109 belligerare:
879 2045 917 2088 ac
934 2032 1001 2087 tum
1022 2045 1128 2087 rumor
1145 2023 1192 2093 in,-

168 2125 304 2181 cesserat
326 2117 393 2182 fore
414 2117 593 2182 utdisiecti
619 2117 750 2200 aliisque
775 2116 953 2182 nationibus
978 2116 1124 2202 permixti
1146 2116 1192 2179 di-

167 2231 274 2277 versas
296 2210 330 2274 in
351 2220 447 2276 terras
470 2210 673 2276 traherentur.
701 2210 758 2275 sed
779 2220 947 2293 antequam
968 2233 1055 2273 arma
1076 2209 1192 2295 incipe·

167 2312 244 2381 rent,
260 2303 373 2369 misere
385 2304 506 2390 legatos
516 2304 684 2382 amicitiam
697 2303 944 2387 obsequiumque
957 2311 1191 2379 memoraturos,

168 2407 199 2460 et
221 2420 368 2462 mansura
389 2397 480 2476 haec,
509 2398 536 2462 si
558 2398 643 2463 nullo
660 2420 743 2463 novo
765 2419 858 2462 onere
880 2404 1116 2482 temptarentur:
1143 2395 1192 2460 sin

167 2499 203 2554 ut
220 2491 310 2556 victis
329 2491 488 2562 servitium
505 2492 706 2569 indiceretur,
728 2513 798 2556 esse
821 2490 880 2555 sibi
898 2491 1014 2554 ferrum
1036 2499 1067 2554 et
1084 2490 1193 2554 iuven-

167 2593 266 2648 tutem
287 2593 319 2648 et
339 2593 518 2670 promptum
539 2583 674 2650 libertati
692 2594 746 2649 aut
763 2585 808 2649 ad
825 2593 957 2649 mortem
975 2584 1122 2649 animum.
1151 2582 1192 2647 si-

168 2677 234 2741 mul
255 2679 382 2742 castella
405 2678 537 2764 rupibus
560 2679 659 2743 indita
681 2679 882 2761 conlatosque
903 2678 977 2743 illuc
998 2685 1143 2763 parentes
1161 2685 1193 2740 et

168 2771 317 2857 coniuges
327 2772 526 2837 ostentabant
534 2772 715 2858 bellumque
723 2773 917 2858 impeditum,
927 2773 1068 2850 arduum,
1084 2793 1193 2841 cruen-

169 2876 235 2931 tum
252 2866 484 2933 minitabantur.
1070 2930 1073 2935 ,

231 2959 278 3024 At
297 2959 448 3040 Sabinus,
467 2962 567 3028 donec
585 2954 739 3028 exercitus
757 2964 790 3028 in
807 2986 905 3028 unum
923 2963 1118 3038 conduceret,
1137 2961 1192 3026 da-
1206 2982 1241 3028 47

168 3055 208 3119 tis
226 3054 353 3120 mitibus
371 3056 540 3140 responsis,
554 3070 722 3142 postquam
734 3057 929 3143 Pomponius
942 3057 1054 3122 Labeo
1072 3055 1193 3120 eMoe-

169 3150 217 3214 sia
229 3170 300 3213 cum
314 3150 447 3236 legione,
461 3173 518 3216 rex
525 3151 764 3222 Rhoemetalces
779 3174 851 3216 cum
864 3151 987 3216 auxiliis
996 3149 1193 3235 popularium

168 3244 223 3328 qui
240 3244 334 3308 fidem
351 3267 415 3310 non
435 3255 633 3311 mutaverant
653 3268 780 3323 venere,
804 3246 910 3310 addita
929 3243 1086 3329 praesenti
1104 3242 1194 3326 copia

168 3339 209 3402 ad
226 3339 349 3404 hostem
365 3340 468 3426 pergit
486 3341 693 3425 compositum
709 3341 773 3404 iam
793 3338 1028 3424 perangustias
1047 3336 1191 3401 saltuum.

168 3433 296 3515 quidam
313 3433 477 3499 audentius
491 3434 605 3519 apertis
623 3435 656 3498 in
674 3433 805 3499 collibus
819 3432 1013 3509 visebantur;
1031 3453 1110 3516 quos
1128 3430 1193 3493 dux

168 3526 331 3592 Romanus
354 3528 420 3592 acie
443 3551 631 3615 suggressus
657 3528 743 3593 haud
765 3550 858 3613 aegre
880 3526 1012 3612 pepulit,
1041 3522 1192 3609 sanguine
1219 3574 1222 3579 ,

133 3588 371 3686 *harbarorum
388 3616 511 3688 modico
529 3623 570 3688 ob
582 3623 760 3708 propinqua.
774 3622 919 3707 suffugia.
942 3641 1016 3685 mox
1034 3617 1143 3684 castris
1161 3617 1193 3681 in
1236 3650 1239 3655 ·

169 3716 238 3780 loco
256 3717 454 3782 communitis
472 3718 577 3782 valida
598 3740 694 3781 manu
715 3725 853 3781 montem
869 3723 1003 3799 occupat
1024 3721 1192 3798 angustum
1280 3747 1284 3754 ·

170 3819 201 3875 et
218 3811 341 3894 aequali
354 3812 447 3877 dorso
465 3812 646 3877 continuum
659 3829 760 3894 usque
774 3811 814 3874 ad
831 3809 1007 3895 proximum
1020 3806 1191 3882 castellum,

170 3905 255 3987 quod
272 3929 388 3991 magna
409 3907 458 3971 vis
480 3915 613 3984 armata,
637 3915 669 3970 at
690 3906 849 3970 incondita
869 3903 1027 3980 tuebatur;
1050 3900 1143 3967 simul
1160 3901 1193 3964 in

170 3999 396 4078 ferocissimos,
420 4002 474 4085 qui
497 4011 568 4066 ante
591 4001 708 4065 vallum
729 4021 815 4063 more
836 3998 938 4084 gentis
961 4019 1033 4061 cum
1051 3994 1194 4060 carmini-

170 4093 230 4160 bus
243 4103 275 4159 et
288 4095 430 4181 tripudiis
444 4095 667 4182 persultabant,
685 4094 780 4159 mittit
791 4093 936 4167 delectos¹
947 4091 1191 4178 sagittariorum
