2760 4874
233 365 275 430 36
585 371 769 430 CORNELII
781 370 910 427 Tncl'rl

1147 471 1166 500 a.
1178 471 1199 501 u.
1210 463 1255 504 too.

233 536 332 600 donee
355 531 555 618 expugnandi
577 530 684 594 hostes
708 551 764 614 spe
785 530 914 615 propius
938 529 1154 607 succederent3
1181 552 1257 594 mox

232 629 369 710 undique
383 625 621 710 erumpendum:
637 624 690 687 illa
704 623 864 708 eruptione
878 624 919 688 ad
927 623 1073 687 Rhenum
1087 624 1256 708 perveniri3

234 722 318 806 quod
336 721 362 784 si
380 719 538 804 fugerent,
556 717 654 802 pluris
673 717 783 793 silvas,
805 715 977 800 profundas
995 717 1096 802 magis
1114 717 1257 801 paludes,

234 814 395 879 saevitiam
408 813 545 878 hostium
564 832 742 896 superesse:
762 819 794 874 at
806 808 975 875 victoribus
989 810 1095 887 decus,
1114 809 1257 896 gloriam.

234 931 315 992 quae
333 907 419 972 domi
436 928 521 985 cara,
545 905 676 988 quaein
694 905 803 969 castris
826 904 974 982 honesta,
997 907 1163 981 memorat3
1185 904 1258 968 reti-

234 1004 298 1067 cuit
320 1002 360 1067 de
382 1000 532 1066 adversis.
559 1021 658 1082 equos
677 998 802 1075 dehinc,
826 1019 917 1063 orsus
939 1021 959 1062 a
981 998 1060 1075 suis,
1083 997 1258 1082 legatorum

234 1096 499 1177 tribunorumque,
518 1093 603 1157 nulla
616 1092 784 1158 ambitione
797 1091 969 1156 fortissimo
986 1091 1098 1174 cuique
1116 1090 1258 1157 bellatori

235 1190 341 1266 tradit,
359 1198 395 1253 ut
411 1188 458 1265 hi,
477 1210 552 1253 mox
569 1186 666 1272 pedes
684 1186 717 1250 in
734 1186 857 1251 hostem
874 1184 1064 1249 invaderent.

185 1302 216 1351 68
298 1282 396 1346 Haud
417 1281 521 1345 minus
546 1280 669 1363 inquies
694 1277 871 1344 Germanus
895 1299 965 1363 spe,
992 1278 1136 1363 cupidine
1159 1287 1191 1342 et
1212 1279 1259 1342 di-

235 1377 333 1441 versis
356 1375 472 1439 ducum
494 1374 654 1440 sententiis
677 1373 804 1459 agebat,
827 1371 972 1438 Arminio
994 1373 1130 1439 sinerent
1152 1373 1260 1458 egredi

236 1491 442 1558 egressosque
464 1490 590 1533 rursum
610 1490 667 1554 per
686 1468 815 1532 humida
832 1476 864 1531 et
885 1467 1035 1553 impedita
1055 1468 1260 1532 circumveni-

235 1574 304 1629 rent
322 1564 486 1640 suadente,
509 1561 662 1627 atrociora
677 1561 878 1647 Inguiomero
896 1570 927 1625 et
944 1560 1026 1625 laeta
1046 1559 1202 1637 barbaris,
1225 1569 1260 1624 ut

236 1659 353 1723 vallum
371 1657 465 1722 armis
484 1655 650 1720 ambirent:
668 1664 844 1741 promptam
857 1656 1135 1741 expugnationem
1153 1656 1259 1740 plures

230 1746 391 1840 *captivoa
414 1751 623 1836 incorruptam
645 1750 793 1836 praedam
814 1749 892 1814 fore,
918 1751 1015 1836 igitur
1032 1759 1099 1814 orta
1116 1750 1171 1826 die
1188 1772 1261 1835 pro-

235 1855 330 1910 ruunt
346 1845 465 1922 fossas,
487 1844 618 1929 iniciunt
635 1852 749 1921 crates,
774 1866 897 1908 summa
914 1844 988 1908 valli
1004 1853 1167 1929 prensant,
1190 1867 1261 1909 raro
1278 1894 1279 1899 η

237 1962 330 2025 super
348 1938 444 2004 milite
462 1947 493 2003 et
510 1938 601 2022 quasi
618 1937 659 2016 ob
676 1947 794 2002 metum
812 1937 936 2003 deliro:
947 1947 1114 2022 postquam
1131 1937 1261 2003 haesere

236 2034 446 2110 munimentis,
465 2033 557 2099 datur
570 2031 748 2097 cohortibus
763 2032 898 2118 signum,
917 2054 1094 2115 cornuaque
1112 2054 1150 2097 ac
1167 2032 1261 2097 tubae

237 2127 435 2205 concinuere:
462 2127 535 2191 exin
560 2127 695 2210 clamore
718 2135 749 2190 et
770 2127 889 2211 impetu
911 2126 1015 2212 tergis
1031 2124 1262 2191 Germanorum

237 2220 535 2298 circumfunduntur,
554 2220 777 2306 exprobrantes
790 2243 855 2285 non
871 2220 923 2285 hio
940 2220 1035 2285 silvas
1048 2241 1107 2284 neo
1118 2220 1261 2305 paludes,

238 2316 294 2382 sed
319 2315 435 2398 aequis
453 2313 530 2380 loeis
557 2337 673 2399 aequos
700 2316 786 2380 deos.
821 2315 905 2381 hosti
930 2315 1022 2380 facile
1049 2316 1205 2380 excidium
1231 2325 1264 2380 et
1309 2361 1315 2371 -

236 2431 354 2494 paucos
377 2431 415 2474 ao
431 2431 601 2474 semermos
620 2409 769 2496 cogitanti
792 2432 888 2474 sonus
907 2409 1067 2487 tubarum,
1090 2409 1197 2496 fulgor
1214 2404 1274 2475 ar?

236 2527 358 2569 morum
380 2513 496 2586 quanto
518 2504 658 2588 inopina,
682 2512 769 2568 tanto
791 2504 909 2568 maiora
931 2503 1147 2579 offunduntur,
1171 2504 1264 2568 cade-

237 2597 388 2680 bantque,
414 2607 450 2661 ut
474 2598 568 2664 rebus
595 2599 741 2663 secundis
768 2598 865 2675 avidi,
896 2597 940 2662 ita
965 2597 1104 2662 adversis
1135 2597 1262 2669 incauti.

137 2760 140 2766 ,
239 2689 401 2755 Arminius
414 2691 543 2777 integer,
561 2691 781 2776 Inguiomerus
794 2701 869 2777 post
883 2714 979 2778 grave
992 2691 1105 2762 vulnus
1123 2713 1264 2777 pugnam

239 2783 418 2848 deseruere:
446 2785 559 2870 vulgus
581 2785 770 2849 trucidatum
793 2795 842 2850 est
861 2787 963 2852 donee
984 2786 1031 2850 ira
1052 2795 1083 2850 et
1105 2786 1172 2850 dies
1194 2809 1265 2871 per-

177 2926 180 2933 .
239 2877 367 2954 mansit3
398 2887 488 2942 nocte
515 2879 642 2943 demum
667 2902 811 2945 reversae
837 2880 991 2967 legiones,
1023 2879 1167 2962 quamvis
1193 2880 1264 2965 plus

240 2970 417 3049 vulnerum,
441 2972 549 3037 eadem
568 2972 708 3038 ciborum
726 2984 851 3060 egestas
868 2974 1029 3060 fatigaret,
1051 2974 1131 3050 vim,
1151 2974 1266 3038 sanita-

240 3072 317 3142 tem,
336 3065 458 3150 oopias,
477 3077 590 3131 cuncta
606 3066 641 3131 in
658 3069 788 3133 victoria
805 3067 952 3134 habuere.
1269 3142 1274 3151 ¹

189 3175 220 3224 69
302 3158 489 3225 Pervaserat
505 3161 629 3225 interim
652 3162 854 3228 circumventi
877 3159 1030 3227 exercitus
1048 3162 1147 3240 fama,
1171 3172 1202 3226 et
1220 3163 1267 3227 in-

239 3252 321 3319 festo
340 3252 569 3321 Germanorum
592 3259 717 3344 agmine
737 3257 857 3324 Gallias
880 3260 959 3345 peti:
978 3281 1016 3324 ac
1037 3260 1070 3323 ni
1087 3257 1266 3345 Agrippina

238 3348 409 3434 inpositum
426 3350 539 3417 Rheno
556 3362 685 3437 pontem
707 3353 787 3418 solvi
808 3353 1033 3438 prohibuisset,
1057 3363 1145 3419 erant
1162 3353 1217 3436 qui
1233 3351 1267 3415 id

239 3442 393 3529 flagitium
418 3443 583 3510 formidine
609 3447 772 3511 auderent:
805 3448 862 3512 sed
886 3447 1004 3512 femina
1033 3447 1144 3533 ingens
1171 3444 1266 3510 animi

240 3537 348 3602 munia
372 3537 461 3602 ducis
487 3560 544 3624 per
569 3562 623 3604 eos
650 3540 717 3605 dies
742 3541 856 3618 induit,
883 3538 1111 3622 militibusque,
1137 3549 1174 3603 ut
1195 3538 1265 3622 quis

240 3631 338 3714 inops¹
349 3641 403 3695 aut
421 3633 561 3710 saucius,
584 3643 704 3699 vestem
722 3645 753 3698 et
770 3635 910 3700 fomenta
927 3634 1071 3721 dilargita
1088 3642 1146 3698 est.
1174 3625 1267 3697 tradit

242 3724 280 3789 Ο.
293 3724 425 3803 Plinius,
445 3725 704 3794 Germanicorum
717 3729 868 3794 bellorum
883 3729 1034 3814 scriptor,
1044 3729 1169 3793 stetisse
1182 3727 1266 3813 apud

240 3819 426 3903 principium
434 3821 547 3904 pontis,
557 3822 666 3887 laudes
677 3829 816 3909 etgrates
825 3823 958 3888 reversis
967 3821 1266 3909 legionibushaben-

241 3920 314 3975 tem.
331 3913 365 3977 id
378 3913 496 3979 Tiberii
509 3916 648 3981 animum
662 3918 754 3982 altius
768 3917 955 4002 penetravit:
974 3914 1134 3982 nonenim
1148 3915 1266 4001 simpli-

242 4026 294 4068 ces
304 4028 356 4070 eas
367 4030 456 4073 curas
466 4031 524 4073 neo
537 4011 687 4076 adversus
701 4020 844 4076 externos
854 4010 987 4075 militum
999 4013 1134 4097 qratiam
1143 4009 1264 4093 quaeri:

242 4098 319 4163 nihil
335 4100 477 4167 relictum
494 4102 745 4188 imperatoribus,
769 4104 823 4169 ubi
839 4104 957 4170 femina
978 4103 1154 4189 manipulos
1171 4103 1265 4168 inter-
