2760 4874
419 365 626 424 ANNALIUM
643 365 716 421 LIB.
730 367 779 423 IV.
797 368 881 422 2-5.
1099 357 1160 421 117

137 461 244 614 iitiqiiti8
246 488 319 604 illa,
347 524 592 589 cuiavunculus
616 522 797 609 Augustus,
826 546 915 589 socer
938 525 1096 601 Tiberius,
1121 548 1160 589 ex

137 623 244 687 Druso
257 619 355 696 liberi,
375 639 471 702 seque
485 639 521 681 ac
535 617 667 681 maiores
682 627 713 682 ct
725 627 866 702 posteros
881 619 1060 703 municipali
1074 620 1161 682 adul-

137 728 204 781 tero
228 712 389 789 foedabat,
416 720 451 775 ut
472 724 529 795 pro
551 710 689 776 honestis
712 721 743 775 et
763 711 979 797 praesentibus
1006 712 1161 798 flagitiosa

137 819 168 875 et
183 810 302 873 incerta
319 814 523 890 exspectaret.
548 805 729 869 suminam
747 806 966 869 conscientiam
985 805 1159 883 Eudemus,

137 903 255 967 amicus
273 922 311 964 ae
327 892 467 962 medicus
484 897 611 974 Liviae,
635 899 739 983 specie
756 899 830 964 artis
852 899 999 982 frequens
1019 899 1159 975 secretis3

60 1054 67 1068 ,
120 993 223 1080 ¹pellit
245 993 337 1058 domo
358 990 491 1056 Seianus
513 1013 644 1056 uxorem
660 989 843 1076 Apicatam,
866 1014 906 1056 ex
924 1014 986 1076 qua
1003 1001 1065 1056 tres
1084 991 1161 1056 libe·

136 1110 188 1152 ros
206 1095 370 1173 genuerat,
389 1107 429 1148 ne
446 1084 558 1169 paelici
577 1094 815 1169 suspectarctur.
839 1085 895 1150 sed
913 1084 1095 1171 magnitudo
1113 1086 1160 1150 fa-

137 1181 250 1246 cinoris
268 1189 399 1256 metum,
417 1177 622 1263 prolationes,
646 1178 770 1245 diversa
786 1179 945 1243 interdum,
961 1180 1089 1245 consilia
1106 1181 1161 1244 ad-

60 1344 62 1348 ,
137 1274 265 1339 serebat.

200 1368 329 1432 Interim
356 1369 429 1433 anni
454 1366 605 1452 principio
631 1366 758 1432 Drusus
778 1388 826 1461 ᾳ
848 1364 1028 1432 Germanici
1053 1367 1194 1434 liberist

137 1472 243 1548 togam
259 1461 541 1545 virilemsumpsit,
570 1482 713 1544 quaeque
729 1461 819 1527 fratri
836 1462 903 1526 eius
920 1462 951 1526 N
952 1461 1161 1543 eronidecre-

137 1567 224 1645 uerat
245 1566 386 1634 senatus,
408 1556 548 1640 repetita.
578 1555 889 1621 addidirorationem
908 1555 1040 1634 Caesar,
1063 1556 1167 1620 multa·

137 1673 207 1715 cum
225 1650 317 1714 laude
334 1650 391 1714 filii
412 1648 582 1739 sui,1q1‚10d
599 1650 700 1734 patria
720 1645 931 1715 beniuolentia
946 1650 983 1714 in
1001 1650 1105 1714 fratris
1123 1649 1160 1713 li-

137 1743 228 1808 beros
251 1743 345 1808 foret:
368 1766 442 1807 nam
458 1742 600 1820 Drusus,
624 1765 814 1828 quamquam
832 1745 964 1808 arduum
986 1744 1027 1808 sit
1049 1743 1160 1809 eodem

136 1837 197 1902 loci
213 1837 384 1922 potentiam
401 1846 433 1901 et
450 1837 648 1901 concordiam
666 1859 751 1915 esse,
771 1857 896 1922 aequus·
908 1836 1159 1904 adulescentibus

137 1942 191 1995 aut
208 1941 290 1994 certe
307 1953 371 1994 non
389 1931 539 1995 adversus
558 1930 741 1995 habebatur.
841 2010 851 2024 .

199 2024 285 2089 Exin
298 2015 387 2088 vetus
402 2033 433 2088 et
451 2046 544 2108 saepe
559 2025 739 2089 simulatum
751 2024 967 2110 proficiscendi
984 2026 1017 2089 in
1034 2025 1160 2109 provin·

137 2119 201 2183 cias
224 2119 387 2183 consilium
408 2118 555 2196 refertum
581 2119 811 2184 multitudinem
833 2129 1049 2186 veteranorum
1071 2141 1159 2204 prae-

136 2210 261 2276 texebat
273 2213 440 2296 imperator
457 2222 489 2276 et
506 2212 879 2297 dilectibussupplendos
898 2213 1067 2277 exercitus:
1085 2235 1158 2275 nam

136 2305 344 2370 voluntarium
362 2306 492 2370 militem
509 2307 634 2384 deesse,
654 2328 691 2370 ac
709 2307 735 2371 si
754 2306 945 2393 suppeditet,
968 2322 1032 2371 non
1049 2305 1159 2369 eadem

136 2399 249 2486 vir-tute
267 2421 304 2463 ac
320 2400 474 2464 modestia
492 2403 594 2486 agere,
613 2401 687 2483 quia
704 2400 887 2484 plerumque
904 2399 1013 2484 inopes
1032 2419 1069 2462 ac
1085 2399 1159 2483 vagi

137 2502 246 2576 sponte
268 2493 410 2557 militiam
433 2490 570 2558 sumenti
596 2493 835 2578 percensuitque
858 2493 974 2556 cursim
995 2513 1160 2555 numerum
1213 2537 1215 2541 ψ

135 2586 294 2671 legionum
312 2596 343 2650 et
360 2608 437 2669 quas
455 2587 631 2672 provincias
644 2595 827 2664 tutarentur,
845 2586 930 2670 quod
942 2586 1019 2649 mihi
1036 2607 1159 2669 quoque

136 2680 353 2762 exequendum
369 2702 452 2757 reor,
472 2701 553 2763 quae
570 2690 644 2744 tunc
661 2680 806 2748 Romana
823 2680 913 2764 copia
929 2680 962 2744 in
979 2679 1088 2756 armis,
1106 2679 1160 2762 qui

137 2773 213 2837 socii
229 2795 334 2859 reges,
353 2782 469 2856 quanto
488 2774 529 2837 sit
546 2775 709 2859 angustius
727 2774 946 2859 imperitatum.

141 2897 145 2901 ·
199 2865 324 2930 Italiam
341 2875 472 2950 utroque
490 2868 568 2930 mari
585 2869 672 2932 duae
689 2868 820 2945 classes,
844 2867 1006 2935 Misenum
1028 2865 1112 2951 apud
1130 2875 1160 2929 et
1178 2887 1193 2932 s

136 2959 328 3037 Ravennam,
341 2961 579 3045 proximumque
589 2958 712 3026 Galliae
724 2961 797 3026 litus
806 2971 957 3027 rostratae
967 2982 1062 3025 naves
1072 2974 1161 3044 prae-

137 3053 291 3130 sidebant,
313 3075 391 3136 quas
409 3053 542 3119 Actiaca
564 3055 694 3120 victoria
711 3065 818 3140 captas
836 3053 1003 3141 Augustus
1018 3055 1054 3118 in
1072 3054 1161 3138 oppi-

137 3147 212 3212 dum
229 3146 443 3212 Foroiuliense
461 3149 589 3213 miserat
605 3149 709 3214 valido
727 3172 799 3214 cum
816 3150 945 3234 remige.
968 3148 1025 3213 sed
1041 3149 1161 3232 praeci-

136 3262 234 3324 puum
250 3239 346 3304 robur
362 3240 509 3305 Rhenum
526 3242 628 3319 iuxta,
652 3264 816 3306 commune
837 3243 870 3305 in
889 3240 1064 3307 Germanos
1084 3237 1160 3305 Gal-

136 3333 245 3416 losque
267 3333 455 3413 subsidium,
479 3345 549 3400 octo
571 3336 710 3422 legiones
733 3345 833 3413 erant3
856 3334 1030 3421 Hispaniae
1050 3356 1159 3399 recens

136 3426 325 3510 perdomitae
343 3428 441 3493 tribus
459 3428 667 3508 habebantur3
684 3428 815 3493 Mauros
829 3427 910 3496 Iuba
926 3451 981 3492 rex
998 3437 1160 3514 acceperat
1206 3483 1214 3501 Χ

136 3519 253 3584 donum
269 3520 378 3605 populi
394 3522 542 3587 Romani:
567 3533 670 3588 cetera
686 3521 817 3587 Africae
839 3545 895 3606 per
907 3521 990 3586 duas
1008 3522 1158 3607 legiones,

135 3613 264 3697 parique
281 3637 411 3680 numero
428 3614 611 3701 Aegyptus,
634 3616 747 3680 dehine
765 3615 853 3680 in'itio
871 3615 910 3680 ab
930 3613 1041 3700 Syriae
1058 3636 1159 3698 usque

136 3706 177 3769 ad
194 3706 310 3789 flumen
322 3707 516 3794 Euphraten,
535 3720 687 3792 quantum
700 3709 819 3794 ingenti
837 3717 987 3775 terrarum
1006 3709 1076 3773 sinu
1093 3731 1159 3772 am-

136 3798 232 3877 bitur,
256 3810 403 3884 quattnor
424 3802 599 3888 legionibus
618 3804 765 3880 coercita,
788 3802 904 3867 accolis
920 3801 1042 3866 Hibero
1059 3799 1159 3866 Alba·

135 3915 238 3978 noque
256 3904 288 3958 et
305 3895 373 3960 aliis
391 3896 533 3981 regibus,
556 3897 610 3979 qui
627 3897 841 3982 magnitudine
863 3904 970 3960 nostra
990 3900 1159 3981 protegun-

135 3995 186 4052 tur
199 3989 365 4055 advcrsum
373 4001 506 4055 externa
518 3992 662 4076 imperia3
677 4001 708 4056 ct
721 3990 906 4054 Thraeciam
919 3990 1157 4055 Rhoemetalces

136 4102 173 4146 ae
190 4081 279 4147 liberi
294 4082 415 4170 Cotyis,
432 4085 594 4169 ripamque
606 4085 748 4151 Danuvii
760 4085 919 4170 legionum
932 4084 1013 4149 duae
1030 4080 1062 4148 in
1075 4083 1159 4148 Pan-
