2760 4874
251 371 291 434 sa
551 431 552 436 c
595 335 921 435 coarrrnrscrrr
978 441 981 449 ,

1162 481 1182 509 a.
1192 482 1214 510 u.
1225 471 1271 512 773.

250 550 279 603 et
296 539 438 624 proxima
451 537 554 612 maris,
574 536 630 600 sed
644 537 766 600 moenia
784 559 820 600 ac
838 546 928 614 tecta,
948 558 1071 620 quaque
1089 537 1272 623 longissime

249 633 439 720 prospectari
457 639 586 717 poterat,
605 631 809 694 maerentium
823 631 914 696 turba
932 640 962 695 et
979 632 1179 717 rogitantium
1193 633 1274 697 inter
1336 656 1345 674 ,

250 751 297 805 sc,
310 726 483 791 ‘silentione
502 749 543 789 an
559 745 637 789 soce
655 724 759 806 aliqua
777 724 986 810 egredientem
1005 725 1197 811 exciperent3
1219 749 1274 790 nc-

249 844 310 904 quc
333 821 408 884 satis
432 817 595 883 constabat
617 817 693 900 quid
713 839 770 902 pro
793 828 931 903 tempore
954 817 1049 896 foret,
1072 841 1144 883 cum
1162 819 1273 883 classis

248 915 397 1000 paulatim
419 912 584 988 successit,
610 933 674 974 non
695 910 803 989 alacri,
830 922 865 976 ut
887 912 1021 989 adsolet,
1047 913 1193 998 remigio,
1217 915 1274 978 sed

248 1008 368 1072 cunctis
382 1007 423 1071 ad
435 1005 591 1070 tristitiam
609 1004 799 1088 compositis,
821 1015 987 1090 postquam
1006 1005 1128 1071 duobus
1147 1028 1218 1070 cum
1237 1006 1274 1070 li-

249 1103 345 1178 beris,
368 1100 496 1164 feralem
515 1121 625 1162 urnam
643 1107 765 1174 tenens,
790 1120 917 1183 egressa
935 1099 1007 1163 navi
1029 1099 1137 1163 defixit
1154 1100 1272 1176 oculos,

249 1196 337 1259 idem·
349 1193 488 1257 omnium
505 1192 640 1277 gemitus
646 1217 655 1269 ;
673 1213 775 1275 neque
793 1192 984 1258 discerneres
1002 1193 1176 1278 proximos,
1200 1193 1274 1257 alic-

248 1311 320 1364 nos,
339 1288 475 1352 virorum
493 1285 719 1352 feminarumve
736 1285 893 1370 planctus,
911 1287 972 1350 nisi
990 1287 1076 1369 quod
1092 1288 1273 1351 comitatum

248 1381 443 1467 Agrippinae
460 1379 556 1464 longo
569 1401 708 1443 maerore
725 1379 846 1444 fessum
860 1379 944 1447 obvii
962 1390 993 1444 et
1010 1390 1150 1446 recentes
1168 1381 1201 1444 in
1218 1381 1275 1446 do-

249 1476 313 1539 lore
332 1471 499 1537 anteibant.
971 1467 977 1477 '

195 1590 230 1639 ·2
312 1567 446 1632 Miserat
471 1566 549 1630 duas
575 1566 746 1651 praetorias
773 1565 915 1632 cohortes
948 1565 1080 1645 Caesar,
1108 1567 1214 1632 addito
1239 1578 1275 1630 ut

249 1661 448 1746 magistratus
463 1658 627 1724 Calabriae
640 1657 801 1743 Apulique
819 1670 849 1725 et
864 1658 1018 1746 Campani
1036 1683 1182 1746 suprema
1199 1684 1275 1746 erga

249 1753 431 1820 memoriam
448 1752 503 1816 filii
526 1753 575 1818 sai
586 1753 943 1839 munerasungerentur3
966 1755 1061 1840 igitur
1079 1754 1273 1819 tribunorum

249 1847 524 1929 centurionumque
537 1845 674 1910 humeris
684 1845 802 1911 cineres
815 1847 1032 1932 portabantur3
1045 1847 1274 1932 praecedebant

249 1942 406 2024 incompta
424 1939 523 2024 signa,
542 1939 625 2002 versi
641 1939 760 2016 fascem
778 1950 871 2023 atque
888 1939 944 2004 ubi
962 1941 1098 2007 colonias
1116 1951 1274 2027 transgre-

249 2035 417 2109 derentur,
435 2042 533 2098 atrata
554 2031 669 2117 plebis,
697 2031 828 2097 trabeati
849 2034 969 2117 equites
992 2057 1048 2120 pro
1074 2035 1187 2120 opibus
1213 2035 1274 2099 loci

249 2138 378 2203 restem,
392 2127 502 2194 odores
513 2125 634 2209 aliaque
643 2126 788 2190 funerum
802 2127 963 2192 sollemnia
972 2128 1165 2205 cremabant3
1180 2129 1273 2192 etiam

249 2244 380 2304 quorum
394 2221 517 2284 diversa
531 2221 654 2304 oppida,
673 2230 777 2284 tamen
790 2220 874 2285 obvii
892 2231 922 2285 et
940 2222 1081 2287 victimas
1095 2233 1189 2305 atque
1203 2245 1272 2286 aras

250 2315 297 2378 dis
316 2312 464 2378 Manibus
484 2322 654 2379 statuentes
672 2314 806 2378 lacrimis
825 2324 856 2378 et
873 2315 1168 2381 conclamationibus
1187 2316 1273 2380 dolo-

249 2424 315 2471 rem
333 2407 534 2472 testabantur.
562 2407 689 2472 Drusus
708 2407 910 2495 Tarracinam
932 2432 1117 2495 progressus
1137 2419 1273 2473 osteum

252 2500 385 2567 Claudio
407 2501 502 2565 fratre
524 2501 691 2584 liberisque
710 2499 889 2567 Germanici
911 2503 965 2586 qui
987 2504 1019 2567 in
1041 2503 1118 2568 urbe
1140 2503 1273 2567 fuerant.

250 2596 393 2659 consules
411 2594 458 2658 M.
478 2594 630 2659 Vacemus
649 2605 680 2659 et
696 2597 742 2659 M·
760 2595 914 2660 Aunnmus
932 2634 973 2651 -ν-
1003 2595 1065 2659 iam
1095 2596 1179 2658 enim
1206 2619 1272 2657 ma-

250 2690 415 2772 gistratum
434 2697 617 2773 acceperant
635 2727 676 2737 —
695 2699 725 2753 et
743 2699 869 2754 senatus
888 2712 926 2754 ac
942 2713 1057 2775 magna
1074 2713 1147 2775 pars
1165 2689 1274 2774 populi

250 2783 332 2845 viam
359 2783 567 2866 complevere,
599 2785 720 2869 disiecti
746 2796 777 2850 et
803 2795 839 2850 ut
864 2788 976 2870 cuique
1001 2787 1123 2852 libitum
1149 2788 1275 2862 flentem

250 2875 357 2938 aberat
383 2877 497 2960 quippe
524 2877 675 2955 adulatio,
703 2881 809 2964 gnaris
837 2880 981 2946 omnibus
1007 2881 1121 2946 laetam
1148 2882 1275 2948 Tiberio

251 2967 430 3033 Germanici
443 2980 579 3045 ,mortem
597 2973 678 3036 male
696 2975 893 3040 dissimulari.

218 3085 232 3130 3
315 3062 459 3128 Tiberius
482 3073 575 3147 atque
594 3065 750 3152 Augusta
775 3068 901 3153 publico
928 3069 1118 3148 abstinuere,
1145 3071 1274 3136 inferius

250 3157 412 3221 maiestate
430 3180 487 3222 sua
504 3159 571 3236 rati,
591 3161 617 3224 si
635 3162 739 3245 palam
756 3163 1005 3241 lamentarentur,
1025 3189 1065 3228 an
1083 3187 1122 3228 ne
1136 3167 1274 3229 omniurn

251 3251 349 3315 oculis
363 3251 482 3316 vultum
497 3275 603 3318 eorum
618 3255 826 3328 scrutantibus
839 3257 912 3321 falsi
925 3257 1186 3344 intellegerentur.
1210 3284 1275 3323 ma·
1289 3266 1341 3387 ἱ

251 3357 327 3410 trem
343 3343 513 3411 Antoniam
527 3370 590 3412 non
605 3350 688 3432 apud
702 3359 843 3414 auctores
857 3373 970 3428 rerum,
990 3375 1054 3417 non
1067 3353 1178 3416 diurna
1191 3362 1276 3417 aeto-

250 3461 320 3502 rum
347 3440 498 3524 scriptura
522 3443 643 3526 reperio
669 3443 733 3506 ullo
755 3444 871 3529 insigni
894 3444 998 3508 officio
1021 3445 1176 3523 functam,
1204 3469 1275 3510 curn

252 3555 345 3617 super
362 3530 570 3618 Agrippinam
594 3546 625 3600 et
642 3536 786 3601 Drusum
804 3548 835 3601 et
853 3536 1022 3603 Claudium
1041 3540 1134 3603 ceteri
1152 3562 1275 3624 quoque

251 3627 474 3712 consanguinei
483 3630 664 3693 nominatim
676 3632 840 3716 perscripti
851 3633 921 3708 sint,
938 3655 994 3697 seu
1003 3634 1173 3698 valitudine
1187 3657 1275 3720 prae·

252 3721 446 3804 pcdiebatur‚
475 3745 531 3786 seu
555 3725 653 3789 victus
676 3726 763 3788 luetu
789 3727 910 3790 animus
933 3727 1180 3812 magnitudinem
1203 3728 1275 3791 mali

248 3815 405 3898 praeferre
428 3817 498 3881 visu
524 3840 587 3882 non
613 3820 768 3883 toleravit:
795 3820 918 3884 facilius
942 3821 1126 3885 crediderim
1149 3821 1275 3886 Tiberio

254 3917 284 3970 et
305 3907 483 3994 Augustae,
510 3912 564 3994 qui
590 3913 683 3977 domo
710 3936 772 3978 non
799 3914 1005 3992 excedebant,
1032 3914 1215 3992 cohibitam,
1241 3924 1276 3977 ut

253 4024 310 4086 par
327 4025 448 4068 maeror
465 4015 495 4068 et
513 4008 620 4072 matris
643 4008 786 4094 exemplo
804 4008 875 4073 avia
892 4031 1016 4094 quoque
1035 4019 1065 4074 et
1082 4019 1212 4095 patruus
1231 4018 1276 4073 at-

255 4095 343 4159 tineri
363 4097 548 4164 viderentur.
