2760 4874
405 437 608 494 ANNALIUM
624 437 698 492 LIB.
713 438 779 493 XII.
796 438 916 494 49-53.
1110 427 1173 492 219

148 541 169 580 p.
181 528 221 568 cn.
232 529 264 566 ar.
275 529 307 566 ar.

212 594 278 660 Sed
296 595 410 659 coniux
427 595 558 681 gravida
579 595 712 680 primam
734 605 902 678 utcumque
920 596 1030 683 fugam
1048 596 1089 662 ob
1107 620 1172 662 me·
1191 619 1221 666 51

147 700 214 754 tum
227 689 372 754 hostilem
386 699 417 752 et
430 690 532 753 mariti
546 690 706 754 caritatem
719 690 876 769 toleravit;
889 701 961 776 post
974 692 1172 758 festinatione

146 784 307 860 continua,
330 783 385 847 ubi
407 784 494 866 quati
515 793 622 847 uterus
645 793 676 847 et
693 784 814 848 viscera
835 785 1008 863 vibrantur,
1032 809 1120 852 orare
1137 797 1171 851 ut

145 888 244 941 morte
254 876 386 941 honesta
395 877 590 942 contumeliis
600 877 787 962 captivitatis
798 879 997 958 eximeretur;
1011 880 1062 944 illc
1070 881 1171 966 primo

144 972 304 1056 amplecti,
331 971 490 1049 adlevare,
518 972 689 1049 adhortari,
715 973 809 1037 modo
835 973 981 1038 virtutem
1003 975 1170 1052 admirans,

144 1067 238 1130 modo
261 1066 371 1130 timore
394 1089 501 1152 aeger,
528 1089 567 1131 ne
594 1067 663 1150 quis
686 1067 794 1132 relicta
815 1078 986 1153 poteretur3
1013 1079 1171 1155 postremo

143 1161 292 1224 violentia
306 1161 430 1238 amoris,
450 1169 482 1225 et
499 1160 673 1225 facinorum
690 1184 754 1226 non
771 1163 867 1240 rudis,
886 1163 1050 1249 destringit
1068 1165 1172 1228 acina·

144 1277 214 1319 cem
232 1254 487 1338 vulneratamque
500 1255 601 1339 ripam
620 1256 660 1319 ad
673 1255 790 1321 Araxis
809 1256 910 1333 trabit,
929 1257 1050 1321 flumini
1067 1258 1169 1336 tradit,

143 1358 179 1412 ut
197 1370 309 1432 corpus
329 1349 422 1412 etiam
440 1349 627 1413 auferretur:
651 1349 718 1434 ipse
735 1372 884 1435 praeceps
902 1350 1040 1415 Hiberos
1059 1352 1099 1416 ad
1115 1374 1172 1437 pa·

143 1443 237 1506 trium
259 1464 392 1528 regnum
414 1443 563 1527 pervadit.
591 1443 713 1506 interim
736 1443 908 1508 Zenobiam
930 1482 972 1492 -
993 1445 1027 1509 id
1049 1445 1171 1510 mulieri

142 1559 258 1600 nomen
280 1575 321 1583 -
344 1537 467 1621 placida
488 1537 593 1601 illuvie
620 1538 789 1622 spirantem
811 1560 848 1603 ae
869 1539 951 1603 vitae
972 1540 1170 1604 manifestam

143 1632 305 1695 advertere
326 1641 482 1716 pastores,
510 1641 542 1695 et
563 1633 714 1718 dignitate
736 1631 855 1697 formae
877 1633 962 1697 haud
983 1634 1170 1720 degenerem

141 1734 321 1809 reputantes
341 1724 481 1810 obligant
498 1725 625 1805 vulnus,
645 1726 781 1810 agrestia
798 1726 1005 1792 medicamina
1021 1726 1171 1791 adhibent

142 1819 331 1903 cognitoque
345 1820 470 1883 nominc
486 1828 517 1882 et
526 1841 601 1882 casu
614 1819 646 1881 in
661 1818 771 1883 urbem
784 1818 938 1884 Artaxata
950 1820 1054 1884 ferunt
1059 1845 1068 1898 3
1087 1820 1170 1883 unde

141 1910 270 1996 publica
282 1934 357 1975 cura
370 1913 504 1975 deducta
518 1912 559 1975 ad
567 1912 728 1975 Tiridaten
743 1913 931 1996 comiterque
944 1923 1075 1998 excepta
1084 1913 1171 1977 cultu

141 2005 230 2090 regio
248 2004 355 2068 habita
373 2015 429 2069 est.

207 2099 329 2164 Fausro
346 2097 458 2176 Sonus,
480 2096 595 2164 Saeuo
612 2095 743 2187 quous
761 2098 940 2163 consulibus
953 2099 1069 2164 Furius
1085 2097 1169 2164 Scri-
1187 2122 1218 2168 52

140 2193 295 2258 bonianus
313 2193 346 2256 in
360 2193 486 2256 exilium
501 2193 612 2278 agitur,
629 2190 723 2277 qullui
734 2192 828 2256 finem
840 2193 988 2278 principis
1001 2215 1058 2279 per
1073 2192 1169 2258 Chal·

141 2289 238 2352 daeos
257 2296 459 2365 scrutaretur3
478 2287 701 2351 adnectebatur
718 2287 839 2350 crimini
852 2286 954 2364 Vibia,
973 2297 1072 2351 mater
1090 2288 1167 2365 eius,

143 2388 178 2443 ut
191 2404 283 2446 casus
300 2382 412 2466 prioris
431 2420 472 2428 —
490 2405 564 2446 nam
585 2381 723 2467 relegata
745 2391 812 2444 erat
828 2419 870 2428 -
887 2381 1057 2466 inpatiens:
1079 2391 1168 2466 pater

142 2474 340 2541 Scriboniani
355 2475 506 2540 Camillus
521 2499 607 2539 arma
624 2498 680 2560 per
691 2474 885 2539 Dalmatiam
902 2485 1041 2539 moverat
1046 2501 1055 2552 ;
1073 2476 1167 2557 idque

141 2569 182 2633 ad
196 2570 391 2633 clementiam
406 2569 546 2634 trahebat
561 2568 689 2646 Caesar,
709 2569 793 2652 quod
807 2569 936 2652 stirpem
953 2569 1098 2633 hostilem
1110 2569 1169 2632 ite·

140 2686 211 2726 rum
233 2673 445 2741 conservaret3
472 2685 575 2746 neque
597 2672 702 2726 tamen
725 2662 809 2726 exuli
830 2662 925 2748 longa
946 2662 1078 2748 posthac
1102 2663 1169 2726 vita

140 2756 215 2820 fuit:
241 2765 341 2821 morte
363 2757 491 2821 fortuita
513 2781 554 2820 an
575 2778 632 2841 per
653 2779 810 2826 venenum
832 2756 986 2820 extinctus
1009 2765 1106 2833 esset,
1133 2765 1168 2819 ut

140 2851 274 2934 quisquc
297 2850 441 2927 credidit,
468 2851 636 2936 vulgavere
679 2851 718 2913 de
740 2850 967 2915 mathematicis
989 2850 1081 2914 Italia
1102 2849 1188 2934 pel··

139 2944 240 3008 lendis
258 2945 377 3008 factum
396 2954 521 3009 senatus
541 2945 717 3008 consultum
735 2953 825 3009 atrox
842 2953 873 3008 et
893 2945 1023 3009 irritum.
1036 2959 1038 2963 ’
1050 2944 1167 3008 laudati

140 3038 254 3101 dehinc
276 3038 412 3101 oratione
435 3038 583 3122 principis
606 3038 661 3120 qui
684 3037 725 3101 ob
748 3039 909 3124 angustias
931 3038 1100 3102 familiares
1118 3060 1168 3101 or-

140 3132 213 3195 dine
236 3131 389 3195 senatorio
413 3141 523 3216 sponte
550 3132 709 3208 cederent,
736 3131 875 3214 motique
897 3131 951 3214 qui
976 3130 1167 3195 remanendo

139 3224 354 3310 inpudentiam
371 3226 546 3310 paupertati
564 3226 730 3289 adicerent.

204 3319 291 3384 Inter
309 3341 389 3403 quac
406 3319 501 3384 refert
519 3320 560 3384 ad
580 3329 685 3404 patres
705 3319 744 3382 de
761 3341 863 3404 poena
881 3317 1068 3383 feminarum
1085 3339 1166 3400 quae
1184 3339 1217 3387 53

140 3414 239 3479 servis
258 3415 532 3500 coniungerentur3
556 3415 776 3498 statuiturque,
799 3423 834 3477 ut
850 3414 960 3499 ignaro
982 3411 1108 3476 domino
1125 3413 1166 3476 ad

138 3509 173 3572 id
189 3508 354 3593 prolapsae
370 3509 403 3571 in
422 3509 579 3586 servitute,
600 3509 649 3573 sin
662 3508 881 3586 consensisset,
899 3529 956 3592 pro
973 3505 1092 3571 libertis
1110 3505 1166 3570 ha-

138 3601 294 3666 berentur.
317 3602 462 3680 Pallanti,
481 3625 575 3686 quern
593 3613 781 3687 repertorem
800 3603 867 3666 eius
884 3601 1042 3666 relationis
1060 3600 1166 3665 edide-

137 3704 187 3758 rat
206 3693 337 3773 Caesar,
360 3698 514 3781 praetoria
535 3698 673 3783 insignia
694 3706 726 3760 et
748 3696 864 3760 centies
887 3693 1093 3779 quinquagies
1116 3716 1165 3758 se-

138 3789 280 3852 stertium
300 3791 421 3854 censuit
443 3791 552 3855 consul
575 3791 758 3877 designatus
776 3789 880 3854 Barea
899 3786 1049 3853 Soranus.
1077 3788 1165 3851 addi-

138 3891 206 3946 tum
232 3906 252 3946 a
275 3880 423 3968 Scipione
447 3884 593 3950 Cornelio
619 3893 724 3970 grates
749 3883 874 3969 publice
900 3881 1053 3968 agendas,
1080 3881 1165 3964 quod

136 3974 265 4062 regibus
288 3976 445 4043 Arcadiae
468 3989 553 4044 ortus
576 3978 774 4043 veterrimam
799 3976 992 4042 nobilitatem
1014 3975 1086 4040 usui
1106 3997 1165 4061 pu-

137 4069 220 4136 blico
246 4082 447 4157 postponeret
474 4089 570 4156 'seque
590 4073 673 4137 inter
697 4071 855 4137 ministros
880 4069 1029 4156 principis
1055 4068 1165 4135 haberi

137 4165 269 4245 sineret3
287 4167 484 4233 adseveravit
497 4166 651 4233 Claudius
664 4174 848 4233 contentum
857 4165 974 4231 bonore
987 4163 1165 4231 Palltu'rtem

593 4558 684 4691 ‘q
745 4594 832 4739 ’,ᾖ
