2760 4874
411 40 494 139 U·

336 392 544 452 Anuamuu
560 394 634 448 nm.
647 394 697 450 vr.
715 393 834 450 44-4a
849 395 990 468 (as-42.)
1113 385 1174 450 175

148 498 170 537 p.
181 485 221 526 Ch.
232 486 265 525 36.

147 554 260 637 laqueo
282 561 423 616 vexatae.
450 573 490 614 ne
509 550 664 636 Tigranes
682 551 822 634 quidem,
845 550 998 626 Armenia
1015 556 1174 637 quondam

146 648 263 733 potitus
278 668 316 710 ac
330 656 403 709 tunc
416 667 507 721 reus,
517 645 643 708 nomine
656 645 744 729 regio
758 637 911 730 sdpplieia
923 646 1038 712 civium
1052 648 1172 736 effugit.

147 754 180 808 at
198 742 236 808 O.
257 739 361 807 Galba
378 740 551 805 consularis
569 749 600 804 et
616 740 680 805 duo
697 740 805 805 Blaesi
826 741 1002 808 voluntario
1020 745 1106 808 exitu
1123 767 1174 810 cc·

146 837 276 913 cidere,
287 833 394 900 Galba
410 828 717 899 tristibus'Caesaris
734 834 844 900 litteris
861 836 1054 920 provinciam
1071 838 1172 903 sortiri

145 930 335 1017 prohibitus:
358 929 481 994 Blaesis
505 928 677 993 sacerdotia
698 927 820 1014 integra
841 951 949 994 eorum
967 931 1061 997 domo
1077 932 1173 997 desti-

145 1035 221 1090 nata
242 1023 392 1090 convulsa
414 1023 589 1099 distulerat,
613 1032 688 1087 tunc
709 1031 745 1087 ut
766 1044 867 1088 vacua
887 1025 1017 1090 contulit
1033 1026 1067 1102 in
1083 1027 1170 1104 alios,

145 1120 231 1203 quod
249 1118 377 1205 signum
388 1117 496 1182 mortis
513 1116 694 1181 intellexere
712 1125 744 1181 et
761 1118 900 1183 exsecuti
913 1128 995 1185 sunt.
1018 1129 1050 1185 et
1062 1119 1172 1186 Aemi-

145 1216 189 1280 lia
213 1215 352 1300 Lepida,
379 1235 473 1297 quam
499 1211 605 1276 iuveni
624 1211 734 1276 Druso
759 1221 890 1297 nuptam
910 1214 1028 1292 rettuli,
1056 1215 1172 1280 crebris

145 1308 331 1374 criminibus·
345 1306 490 1373 maritum
511 1306 676 1383 insectata,
699 1327 889 1389 quamquam
906 1307 1107 1387 intestabilis,
1126 1318 1173 1373 ta-

146 1426 220 1468 men
236 1402 390 1487 impunlta
406 1400 535 1487 agebat,
554 1400 630 1465 dum
648 1399 802 1485 superfuit
818 1409 907 1485 pater
924 1401 1082 1487 Lepidus:
1099 1413 1172 1487 post

145 1521 166 1561 a
183 1495 371 1561 delatoribus
386 1494 550 1579 corripitur
566 1493 606 1559 ob
625 1516 751 1557 servum
760 1494 954 1573 adulterum3
971 1517 1031 1560 nec
1047 1496 1171 1562 dubita-

145 1591 237 1656 batur
253 1590 294 1654 de
311 1589 443 1676 flagitio:
466 1610 541 1674 ergo
560 1587 677 1654 omissa
694 1587 875 1653 defensione
897 1587 992 1654 finem
1010 1589 1093 1656 vitae
1111 1589 1172 1656 sibi

168 1687 259 1752 osuit.

145 1710 166 1771 p
209 1780 272 1844 Per
288 1780 372 1844 idem
390 1775 513 1864 ternpus
533 1777 687 1842 Clitarum
707 1779 794 1866 natio
812 1776 995 1864 Cappadoci
1011 1777 1170 1844 Archelao
1183 1780 1226 1894 (fl)

145 1874 295 1951 subiecta,
314 1873 389 1956 quia
400 1872 542 1937 nostrum
559 1871 593 1935 in
610 1872 737 1935 modurn
751 1871 873 1936 deferre
891 1894 1015 1950 census,
1033 1874 1099 1958 pati
1117 1874 1170 1937 tri-

143 1969 221 2034 buta
237 1967 435 2054 adigebatur,
453 1967 486 2029 in
503 1966 578 2051 iuga
596 1964 695 2029 Tauri
711 1965 826 2030 montis
844 1965 999 2031 abscessit
1015 1967 1170 2035 locorum-

143 2084 206 2146 que
227 2057 352 2148 ingenio
376 2083 445 2125 sese
471 2069 580 2125 contra
601 2059 742 2144 imbelles
764 2060 848 2146 regis
871 2061 978 2147 copias
1000 2061 1168 2139 tutabatur,
1219 2125 1224 2137 ,

141 2157 244 2220 donec
259 2155 307 2219 M.
326 2153 501 2219 Trebellius
523 2152 660 2238 legatus,
683 2176 703 2217 a
719 2152 861 2232 Vitellio,
885 2154 1028 2239 praeside
1047 2152 1168 2240 Syriae,

143 2271 216 2314 cum
242 2256 388 2331 quattuor
413 2246 540 2311 milibus
566 2245 807 2331 legionariorum
834 2255 865 2310 et
890 2247 1018 2311 delectis
1044 2248 1168 2312 auxiliis

141 2343 269 2420 missus,
287 2342 367 2407 duos
386 2340 473 2406 collis
492 2338 714 2423 quos-barbari
730 2340 962 2405 insederant-
975 2341 1088 2406 minori
1106 2341 1169 2407 Ca-

141 2437 212 2513 dra,
235 2435 324 2500 alteri
339 2435 469 2499 Davara
490 2455 605 2498 nomen
622 2442 671 2498 est
688 2471 729 2480 -
747 2433 894 2518 operibus
917 2434 1120 2499 circumdedit
1137 2445 1169 2500 et

142 2552 305 2616 erumpere
322 2551 416 2595 ausos
434 2529 517 2595 ferro
587 2537 670 2593 teros
689 2528 740 2592 siti
758 2528 798 2592 ad
816 2528 1004 2593 deditionem
1022 2529 1133 2616 coegit

205 2622 253 2688 At
266 2624 422 2689 Tiridates
435 2623 506 2687 vole
626 2621 753 2710 Parthis
767 2621 989 2706 Nicephorium
1003 2631 1034 2687 et
1046 2620 1183 2687 Anthe·'

140 2716 285 2782 musiada
298 2727 478 2801 ceterasque
491 2716 597 2796 urbes,
611 2738 693 2800 quae
706 2711 936 2783 Macedonibus
952 2717 1029 2782 sitae
1044 2715 1168 2784 Graeca

140 2812 294 2877 vocabula
305 2822 467 2898 usurpant,
486 2812 669 2895 Halumque
687 2821 719 2876 et
731 2810 929 2890 Artemitam,
947 2811 1095 2878 Parthica
1111 2836 1167 2898 op-

139 2906 227 2990 pida,
246 2906 376 2991 recepit,
400 2905 590 2971 certantibus
607 2907 724 2992 gaudio
742 2906 796 2990 qui
813 2904 1010 2972 Artabanum
1029 2905 1166 2993 Scythas

139 3001 221 3065 inter
238 3001 393 3065 eductum·
408 3000 449 3066 ob
476 3001 638 3066 saevitiam
660 3002 813 3067 exsecrati
839 3023 927 3066 come
950 3001 1098 3068 Tiridatis
1120 3003 1167 3066 in-

139 3095 268 3180 genium
285 3095 444 3160 Romanas
462 3118 519 3180 per
536 3105 618 3161 artes
633 3094 810 3182 sperabant.
833 3080 1002 3181 plurimum
1015 3096 1166 3162 adulatio-
1183 3098 1215 3148 48

139 3189 189 3254 nis
209 3188 415 3276 Seleucenses
432 3190 575 3268 induere,
598 3191 709 3256 civitas
726 3198 852 3276 potens,
877 3195 966 3274 septa
982 3189 1097 3267 muris,
1111 3167 1222 3255 ne-“D

139 3305 202 3368 que
214 3285 247 3349 in
260 3285 427 3371 barbarum
440 3295 594 3371 corrupta,
614 3285 671 3351 sed
689 3284 857 3350 conditoris
873 3281 998 3349 Seleuci
1014 3282 1165 3361 retinens3

139 3380 268 3444 nocenti
279 3379 398 3469 opibus
416 3390 470 3445 aut
493 3379 646 3466 sapientia
668 3378 794 3455 delecti,
817 3387 853 3442 ut
870 3386 1011 3455 senatus;
1035 3399 1092 3441 sua
1109 3399 1166 3462 po-

138 3472 214 3557 pulo
232 3474 279 3539 vis
285 3499 294 3552 3
313 3483 345 3539 et
362 3474 505 3558 quotiens
519 3473 688 3539 concordes
707 3480 820 3558 agunt,
840 3470 997 3557 spernitur
1012 3469 1164 3535 Parthus:

122 3565 194 3656 ‘ubi
219 3567 409 3647 dissensere,
435 3569 511 3633 dum
534 3568 594 3633 sibi
615 3568 748 3654 quisque
771 3575 879 3631 contra
899 3564 1039 3632 aemulos
1062 3562 1165 3630 subsi-

138 3659 227 3724 dium
243 3671 369 3740 vocant,
388 3662 505 3728 accitus
523 3662 558 3727 in
574 3671 695 3748 partem
713 3660 880 3726 adversum
898 3679 1006 3724 omnes
1024 3656 1164 3722 valescit.

137 3753 172 3817 id
188 3775 288 3840 nuper
305 3757 460 3821 acciderat
476 3755 640 3821 Artabano
657 3762 818 3840 regnante,
837 3752 891 3836 qui
907 3751 1033 3838 plebem
1049 3750 1165 3836 primo·
1231 3834 1235 3839 ,

137 3846 225 3913 ribus
243 3850 369 3914 tradidit
387 3873 427 3917 ex
445 3874 501 3916 suo
519 3873 593 3916 usu:
616 3872 690 3913 nam
711 3847 820 3933 populi
841 3846 1005 3932 imperium
1022 3844 1164 3910 iuxtali-

137 3940 304 4021 bertatem,
322 3967 494 4029 paucorum
511 3945 680 4010 dominatio
695 3943 802 4029 regiae
819 3940 941 4007 libidini
961 3939 1088 4027 propior
1104 3950 1161 4005 est.

137 4045 206 4100 tum
228 4039 447 4104 adventantem
465 4039 626 4104 Tiridaten
648 4037 800 4103 extollunt
821 4044 961 4101 veterum
978 4057 1089 4121 regum
1106 4033 1163 4099 ho-

137 4131 267 4198 noribus
285 4143 316 4199 et
333 4155 412 4218 quos
430 4156 538 4201 recens
553 4143 639 4201 aetas
651 4132 770 4220 largius
787 4130 920 4208 invenit3
939 4129 1033 4196 simul
1048 4127 1163 4215 probra
