2760 4874
385 394 592 454 ANNALIUM
610 396 683 451 LIB.
696 397 780 464 XIII,
797 397 916 452 30-35.
1099 387 1160 452 241

139 487 297 539 amma

139 580 173 622 se
196 556 235 620 de
253 553 412 618 Britannis
435 553 565 630 rettulit,
579 563 687 663 ‘nupta
708 576 744 618 ac
767 555 995 663 superstitionis
1018 565 1163 622 externae

137 673 205 728 rea,
228 648 332 713 mariti
353 648 467 712 iudicio
488 648 656 732 permissa3
678 648 768 731 isque
789 649 894 757 priseo
915 650 1070 729 instituto,
1091 674 1164 739 pro-
1282 712 1285 725 ,

136 743 263 829 pinquis
282 765 396 819 coram,
415 742 455 805 de
469 742 570 826 capite
583 741 730 824 famaque
744 743 885 829 coniugis
904 744 1053 830 cognovit
1061 744 1163 833 qan-

138 847 260 903 sontem
273 845 350 900 nunt
351 836 440 900 iavit·
433 834 554 920 ,longa
567 835 640 899 huic
653 835 846 920 Pomponiae
865 847 951 902 aetas
970 848 1001 902 et
988 824 1165 902 tcoiltinua

137 932 206 995 trist
207 931 262 994 itia
279 930 352 994 fuit.
326 941 448 994 tuam
465 939 537 1014 post
554 929 681 1006 Indiam,
704 929 805 995 Drusi
821 930 931 1009 filiam,
950 932 1022 997 dolo
1039 931 1164 996 Messa-

137 1024 245 1088 linae
237 1032 283 1088 mt
271 1023 432 1089 terfeetam
450 1045 507 1107 per
519 1023 726 1108 quadraginta
739 1046 837 1088 annos
855 1047 918 1088 non
937 1025 1068 1088 cultu
1038 1049 1099 1089 msr
1089 1025 1164 1089 lu-

137 1117 244 1203 gubri,
267 1140 330 1180 non
348 1117 451 1180 animo
469 1117 530 1181 nisi
551 1128 671 1180 maesto
690 1117 768 1203 egit,
791 1118 885 1201 idque
902 1119 947 1183 illi
968 1119 1163 1204 imperitante

139 1211 272 1276 Claudio
291 1211 421 1294 inpune,
439 1233 514 1274 mox
532 1211 571 1274 ad
589 1209 721 1295 gloriam
738 1211 839 1275 vertit

202 1305 293 1368 Idem
315 1327 415 1369 annus
436 1305 542 1389 plures
564 1326 635 1368 reos
657 1303 780 1382 habuit,
804 1328 936 1387 quorum
958 1305 995 1371 P.
1020 1305 1162 1371 Celerem
1182 1330 1214 1377 aa

138 1407 305 1463 accusante
326 1396 421 1475 Asia,
448 1398 522 1480 quia
551 1396 712 1462 absolvere
739 1398 888 1482 nequibat
910 1398 1043 1476 Cacsar,
1070 1401 1164 1465 traxit

138 1501 264 1556 senecta
277 1492 377 1572 donee
389 1500 520 1554 mortem
535 1490 648 1567 obiret;
666 1514 740 1555 nam
754 1491 848 1557 Celer
860 1493 1032 1570 interfecto,
1051 1503 1086 1558 ut
1098 1516 1164 1559 me-

137 1586 266 1663 moravi,
288 1583 396 1651 Silano
413 1585 598 1670 proconsule
612 1586 827 1671 magnitudine
844 1587 970 1652 sceleris
989 1598 1092 1652 cetera
1108 1589 1164 1652 fla

137 1680 215 1766 gitia
223 1679 399 1765 obtegebat.
420 1678 644 1744 Cossutianum
655 1678 841 1764 Capitonem
851 1680 966 1769 Cilices
980 1682 1163 1758 detulerant,

137 1774 333 1839 maculosum
355 1773 545 1857 foedumque
563 1782 595 1837 et
611 1774 695 1837 idem
712 1773 762 1839 ius
785 1775 933 1840 audaciae
950 1776 984 1839 in
1004 1775 1165 1860 provincia

136 1877 239 1933 ratum
257 1868 341 1951 quod
358 1867 391 1931 in
407 1867 485 1932 urbe
504 1877 697 1945 exercuerat3
722 1868 777 1932 sed
793 1868 949 1952 pervicaci
966 1869 1164 1933 accusatione

138 1963 332 2027 conflictatus
350 1972 508 2046 postremo
526 1961 740 2026 defensionem
755 1962 859 2026 omisit
876 1983 914 2026 ao
930 1962 1001 2047 lege
1018 1972 1164 2047 repetun-

138 2057 249 2120 darum
267 2057 394 2120 damnat
382 2065 432 2120 tu's
451 2066 507 2119 est.
531 2078 588 2140 pro
601 2055 700 2140 Eprio
713 2054 875 2132 Marcello,
894 2079 913 2118 a
926 2077 987 2137 quo
1001 2055 1096 2140 Lycii
1113 2078 1162 2120 res

137 2160 225 2235 repet
213 2149 333 2226 tebant,
357 2172 394 2237 eo
412 2172 513 2232 usque
531 2148 666 2213 ambitus
685 2149 857 2234 praevaluit
875 2159 910 2213 ut
927 2149 1054 2232 quidam
1072 2171 1164 2214 aceu-

137 2253 275 2308 satorum
294 2243 361 2307 eius
365 2232 472 2307 exilio
490 2243 568 2306 mult
557 2252 656 2307 ttaren
657 2267 707 2322 ur,
731 2259 891 2326 tamquam
907 2243 1024 2309 insonti
1041 2242 1164 2328 pericu

137 2337 203 2401 lum
220 2337 378 2402 fecissent

201 2429 327 2495 Nasone
351 2455 476 2495 naasion
498 2431 626 2495 consule
645 2430 763 2494 simul
754 2430 823 2495 iniit
844 2431 1040 2495 consulatum
1058 2430 1163 2496 Vanu-
1182 2449 1214 2495 3-1

136 2547 200 2589 mus
217 2524 381 2602 Massam,
405 2525 493 2589 cuius
516 2548 681 2610 proavum,
704 2534 857 2589 oratorem
881 2524 1066 2602 Corvinum,
1090 2525 1163 2589 divo

136 2617 295 2704 Auguste,
315 2618 415 2684 abavo
428 2619 572 2696 Neronis,
591 2618 744 2704 collegam
757 2618 790 2682 in
808 2641 844 2682 eo
862 2618 1047 2704 magistratu
1064 2618 1163 2683 fuisse

136 2712 229 2797 pauci
250 2713 313 2776 iam
336 2735 446 2777 senum
468 2713 686 2790 meminerant3
710 2712 766 2777 sed
787 2711 885 2776 nobili
906 2712 1043 2800 familiae
1064 2712 1164 2776 honor

137 2815 247 2871 auctus
271 2816 319 2870 est
341 2805 452 2870 oblatis
475 2806 509 2869 iu
531 2805 670 2891 singulos
693 2828 791 2870 annos
814 2806 979 2891 quingenis
1003 2806 1162 2883 sestertiis,

137 2899 251 2982 quibus
269 2899 411 2964 Messala
427 2910 641 2985 paupertatem
659 2901 819 2965 innoxiam
838 2910 1034 2964 sustentaret.
1059 2899 1164 2964 Aure·

136 2994 178 3058 lio
196 3016 320 3077 quoque
340 2993 451 3059 Cottae
469 3004 500 3059 et
518 2995 649 3058 Haterio
667 2993 828 3059 Antonino
846 3017 982 3058 annuam
999 2994 1163 3079 pecuniam

138 3089 246 3153 statuit
254 3089 409 3174 princeps,
419 3089 561 3171 quamvis
571 3110 627 3173 per
635 3089 743 3152 luxum
753 3089 852 3152 avitas
863 3110 938 3173 opes
948 3087 1162 3171 dissipassent.

201 3183 282 3249 Eius
305 3184 379 3247 anni
399 3183 550 3269 principio
571 3182 717 3247 mollibus
740 3183 843 3246 adhuc
859 3183 955 3246 initiis
976 3182 1164 3265 prolatatum

137 3277 218 3341 inter
235 3277 370 3341 Parthos
387 3276 609 3360 Romanosque
632 3277 671 3340 de
689 3275 857 3340 obtinenda
874 3273 1026 3338 Armenia
1048 3272 1164 3338 bellum

138 3371 249 3434 acriter
267 3371 411 3447 sumitur,
435 3371 508 3454 quia
525 3392 582 3434 nec
599 3369 775 3455 Vologeses
794 3367 916 3432 sinebat
937 3366 1063 3437 fratrem
1083 3366 1164 3430 Tiri-

138 3465 231 3528 daten
250 3465 314 3529 dati
332 3489 351 3528 a
370 3487 403 3528 se
421 3465 511 3550 regni
528 3473 686 3548 expertem
709 3485 779 3528 esse
797 3473 851 3526 aut
869 3462 987 3526 alienae
1005 3461 1038 3524 id
1055 3471 1164 3545 poten-

137 3558 199 3622 tiae
222 3559 338 3622 donum
361 3557 489 3635 habere,
514 3568 545 3622 et
563 3557 702 3623 Corbulo
725 3557 855 3643 dignum
876 3554 1091 3640 magnitudine
1107 3575 1164 3638 po-

136 3651 203 3736 puli
225 3651 361 3716 Romani
387 3651 514 3716 rebatur
538 3661 628 3737 parta
653 3651 727 3716 olim
749 3674 769 3715 a
790 3649 927 3714 Lucullo
949 3648 1163 3732 Pompeioque

136 3745 284 3829 recipere.
312 3745 431 3809 adhoc
449 3744 593 3809 Armenii
611 3744 759 3830 ambigua
780 3743 842 3807 fide
860 3752 991 3825 utraque
1014 3764 1101 3805 arma
1117 3741 1165 3803 in-

137 3838 291 3916 vitabant,
316 3840 377 3904 situ
395 3848 559 3916 terrarum,
583 3839 783 3903 similitudine
805 3859 928 3900 morum
945 3834 1071 3902 Parthis
1093 3856 1164 3918 pro·

135 3933 240 4018 piores
255 3934 482 4017 connubiisque
496 3933 650 4019 permixti,
670 3955 707 3996 ac
720 3932 862 3997 libertate
879 3930 987 4016 ignota
1004 3928 1082 3993 illud
1098 3951 1164 3992 ma-

136 4027 187 4112 gis
205 4027 246 4091 ad
264 4029 425 4092 servitium
442 4028 635 4092 inclinantes.

158 4122 160 4126 ’
204 4119 269 4186 Sed
289 4121 460 4187 Corbtdoni
482 4123 553 4208 plus
571 4120 662 4186 molis
686 4120 836 4186 adversus
855 4117 1013 4206 ignaviam
1030 4116 1163 4181 militum
1182 4134 1214 4182 35

192 4238 263 4282 Tacite·
272 4239 313 4282 vol.
325 4237 340 4280 l.
953 4227 990 4284 16
