2760 4874
413 384 620 444 Auuamuu
635 252 759 442 'fian
779 389 862 441 1-2.
984 460 988 472 ‚
1092 374 1150 440 151

450 709 664 764 CORNELII
682 708 838 765 'FACITI

236 850 983 957 xANNALIUM
1097 882 1182 957 NJ

383 1033 432 1080 AB
450 1031 619 1081 EXCESSU
636 1030 720 1080 DIVI
738 1030 913 1082 AUGUSTI·

436 1150 437 1155 Ν
462 1185 596 1240 asana
615 1186 824 1251 aururus

553 1342 735 1382 BREVIARIUM.

183 1428 251 1500 Cap.
265 1429 289 1482 1.
303 1426 402 1481 Liviae
415 1424 564 1495 Augustae
580 1441 656 1478 mors
675 1430 704 1479 et
722 1418 852 1496 elogium.
878 1427 903 1480 2.
919 1424 1051 1481 Tiberius
1070 1427 1153 1481 etiam

131 1511 256 1561 mortuae
269 1503 392 1574 iniquus.
419 1502 444 1554 3.
454 1501 549 1555 Seiani
562 1501 692 1571 potentia
705 1499 814 1555 crescit.
833 1503 991 1573 Agrippina
1004 1509 1034 1557 et
1046 1504 1122 1560 Nero
1136 1520 1154 1558 a

131 1582 256 1653 principe
266 1580 444 1636 accusantur.
458 1579 482 1631 4.
493 1577 517 1632 5.
527 1577 556 1631 in
566 1578 720 1656 eospopuli
730 1578 811 1633 favor
820 1580 892 1634 irato
903 1579 1025 1635 Tiberio.

181 1659 262 1712 Haec
275 1663 357 1728 gesta
368 1664 440 1710 coss.
460 1653 489 1708 O.
500 1655 632 1708 Rubellio
648 1654 782 1724 Gemino,
798 1654 828 1710 C.
841 1655 924 1710 Fufio
940 1656 1060 1712 Gemino
1074 1656 1153 1710 initio

129 1737 197 1812 anni
205 1737 371 1791 782dcsunt
380 1734 489 1804 reliqua
498 1733 582 1788 huius
592 1733 668 1802 anni,
678 1735 745 1788 item
755 1735 849 1790 omnia
858 1735 925 1790 anni
934 1735 985 1789 783
994 1741 1067 1803 acta,
1078 1734 1154 1801 deni,-

131 1830 186 1884 que
197 1822 270 1883 quac
280 1828 353 1866 anno
364 1810 415 1866 784
427 1827 517 1880 usquc
528 1810 565 1863 ad
574 1827 699 1864 mensem
709 1809 863 1867 Octobrem
877 1818 972 1882 gesta,
987 1829 1043 1883 quo
1055 1806 1155 1867 caesus

131 1897 175 1944 est
183 1888 312 1944 Seianus.

194 2029 348 2095 Runnnmo
371 2037 402 2091 et
418 2027 513 2092 Furio
532 2025 726 2103 consulibus,
750 2025 883 2112 quorum
906 2028 1027 2112 utrique
1047 2027 1155 2094 Gemi·
1175 2055 1185 2098 1

130 2145 190 2186 nus
204 2130 446 2208 cognomentum
463 2131 537 2198 erat,
552 2121 633 2184 Iulia
645 2120 794 2206 Augusta
808 2133 939 2186 mortem
953 2121 1038 2200 obiit,
1053 2133 1154 2194 aetate

130 2227 281 2294 extrema,
308 2215 477 2280 nobilitatis
499 2238 556 2300 per
575 2214 740 2280 Claudiam
766 2212 918 2280 familiam
940 2225 971 2280 et
988 2217 1154 2301 adoptione

78 2384 79 2387 Ἴ
129 2312 294 2376 Liviorum
307 2308 531 2392 ⁴Iuliorumque
554 2309 752 2373 clarissimae.
784 2309 919 2394 primum
946 2311 975 2374 ei
996 2311 1155 2375 matrimo-

130 2406 264 2489 niumet
281 2403 371 2469 liberi
387 2404 475 2468 fuere
493 2399 566 2467 cum
584 2402 711 2468 Tiberio
728 2402 866 2480 Nerone,
885 2403 939 2486 qui
957 2402 1038 2468 bello
1056 2403 1155 2468 Peru-

131 2500 198 2564 sino
219 2498 389 2584 profugus,
415 2520 494 2582 pace
516 2498 596 2561 inter
616 2495 691 2562 Sex.
708 2496 895 2581 Pompeium
917 2519 954 2561 ac
976 2498 1153 2563 triumviros

129 2604 222 2678 pacta
237 2593 271 2656 in
288 2591 398 2656 urbem
408 2592 516 2668 rediit3
535 2591 607 2654 exin
622 2589 741 2655 Caesar
758 2591 903 2676 cupidine
915 2591 1035 2656 formae
1053 2591 1155 2657 aufert

129 2686 253 2764 marito,
276 2686 429 2749 incertum
446 2708 487 2748 an
508 2685 651 2761 invitam,
674 2685 754 2749 adeo
771 2707 921 2769 properus
940 2695 975 2748 ut
992 2707 1031 2760 ne
1054 2685 1155 2770 spatio

129 2780 255 2862 quidem
276 2779 318 2842 ad
339 2778 518 2842 enitendum
545 2778 618 2842 dato
643 2777 810 2864 penatibus
833 2779 898 2843 suis
924 2778 1086 2864 gravidam
1108 2779 1156 2843 in·

129 2873 264 2950 duxerit3
282 2871 401 2935 nullam
417 2871 549 2956 posthac
567 2871 709 2936 subolem
727 2872 832 2948 edidit,
852 2873 909 2937 sed
927 2873 1072 2958 sanguini
1086 2872 1155 2936 Au-

128 2967 214 3052 gusti
229 2988 286 3051 per
304 2965 553 3030 coniunctionem
571 2965 767 3051 Agrippinae
785 2976 817 3030 et
835 2963 1014 3030 Germanici
1032 2966 1155 3030 adnexa
1247 3002 1250 3007 ·

130 3082 309 3138 communes
335 3070 522 3147 pronepotes
545 3059 664 3124 habuit.
678 3087 686 3114 1
696 3060 859 3129 sanctitate
881 3060 993 3124 domus
1015 3061 1153 3145 priscum

129 3153 318 3230 admoram,
343 3153 440 3218 comis
458 3153 651 3238 ultraquam
674 3154 809 3236 antiquis
826 3153 957 3231 ,feminis
974 3152 1154 3238 probatum;

129 3255 232 3311 mater·
244 3247 403 3332 inpotens,
426 3271 506 3311 uxor
523 3246 625 3311 facilis
644 3255 764 3311 etcum
783 3246 901 3312 artibus
919 3246 1034 3322 mariti,
1059 3246 1154 3309 simu-

129 3340 243 3428 latione
264 3340 420 3405 filii'bene
443 3341 625 3425 composita.
657 3340 752 3405 funus
775 3341 842 3404 eius
865 3340 1036 3415 modicum,
1060 3348 1154 3403 testa

129 3445 268 3499 mentum
286 3436 340 3499 diu
351 3437 479 3500 inritum
492 3436 566 3513 fuit3
584 3435 711 3499 laudata
729 3444 777 3499 est
793 3434 971 3519 prorostris
986 3457 1004 3497 a
1019 3431 1056 3497 C.
1073 3431 1154 3497 Cae-

130 3551 198 3594 sare
214 3538 399 3615 pronepote,
418 3530 472 3613 qui
489 3553 564 3594 mox
581 3552 684 3594 rerum
701 3529 818 3613 potitus
837 3537 893 3592 est.

191 3622 238 3686 At
256 3622 415 3701 Tiberius,
434 3624 519 3708 quod
537 3624 690 3708 supremis
708 3623 740 3686 in
758 3630 888 3685 matrem
906 3619 1018 3684 officiis
1036 3619 1154 3684 defuis·
1172 3641 1186 3687 2

130 3725 190 3794 set,
213 3716 290 3780 nihil
308 3727 427 3782 mutata
444 3717 629 3782 amoenitate
649 3717 730 3781 vitae
749 3714 995 3801 magnitudinem
1012 3715 1154 3799 negotio-

128 3832 198 3873 rum
215 3832 271 3894 per
288 3810 407 3875 litteras
426 3811 600 3888 excusavit,
623 3812 820 3894 honoresque
841 3808 1008 3872 memoriae
1027 3808 1094 3872 eius
1113 3807 1152 3872 ab

130 3914 240 3968 senatu
256 3904 343 3991 large
362 3907 502 3970 decretos
521 3905 611 3988 quasi
628 3927 683 3988 per
696 3903 881 3968 modestiam
893 3902 1057 3978 imminuit,
1075 3924 1153 3986 pau-

130 3997 175 4062 cis
193 3998 362 4082 admodum
378 4000 512 4085 receptis
530 4008 561 4064 et
578 3999 685 4064 addito
702 4020 742 4062 ne
760 3996 902 4062 caelestis
920 3996 1028 4081 religio
1047 3996 1153 4061 decer-

129 4102 267 4158 neretur:
294 4095 340 4160 sic
361 4095 463 4181 ipsam
484 4093 632 4161 maluisse
638 4118 647 4171 ;
674 4093 750 4176 quin
772 4100 803 4156 et
818 4100 907 4176 parte
929 4090 1069 4156 eiusdem
1088 4090 1153 4175 epi-
