2760 4874
393 377 600 438 ANNALIUM
610 378 692 432 *LIB.
708 377 772 436 XV.
787 379 906 434 34—38.
1096 367 1159 433 299

137 487 157 525 p.
169 474 210 514 cn.
220 473 252 513 aa

135 562 307 624 numquam
325 538 433 602 timore
453 559 586 613 vacuus,
606 537 744 601 deseruit
760 536 933 621 inceptum,
953 546 1081 601 cunctas
1100 537 1160 602 sibi

137 659 227 700 curas
246 645 350 699 amore
367 632 486 717 patriae
503 632 636 696 leviores
654 631 813 708 dictitans3
831 631 949 694 vidisse
967 642 1103 696 maestos
1118 633 1161 696 ci-

136 732 222 794 vium
235 729 350 805 vultus,
366 727 472 791 audire
487 735 622 790 secretas
636 725 856 809 querimonias,
875 726 959 808 quod
968 734 1093 789 tantum
1110 730 1161 790 ta..

136 829 216 890 neria
238 824 379 891 aditurus
402 831 499 898 esset,
523 821 612 885 erius
635 843 675 884 ne
697 820 838 884 modicos
861 816 990 903 quidem
1012 842 1160 906 egressus

137 920 311 994 tolerarent,
332 916 413 981 sueti
431 916 597 980 adversum
619 914 747 979 fortuita
768 926 898 1000 aspectu
913 914 1062 999 principis
1079 913 1162 979 refo-

136 1015 216 1092 veri}
236 1036 310 1099 ergo
328 1021 363 1075 ut
380 1012 413 1074 in
430 1011 560 1097 privatis
578 1009 861 1074 necessitudinibus
875 1010 1019 1094 proxima
1031 1009 1162 1095 pignora

135 1109 363 1194 praevalerent,
376 1103 431 1170 'ita
451 1105 604 1191 populum
620 1104 800 1169 Romanum
823 1104 887 1167 vim
912 1104 1079 1190 plurimam
1105 1104 1161 1167 ha-

77 1233 87 1242 -
136 1203 210 1267 bere
227 1201 462 1286 parendumque
479 1199 633 1263 retinenti.
657 1193 735 1263 haec
752 1207 846 1281 atque
863 1197 938 1261 talia
955 1196 1040 1282 plebi
1056 1197 1163 1261 volen-

137 1297 180 1359 tia
197 1295 284 1359 fuere
302 1294 498 1378 voluptatum
517 1292 662 1377 cupidine
681 1301 721 1368 et,
740 1313 821 1376 quae
834 1292 1003 1377 praecipua
1016 1313 1091 1356 cura
1104 1302 1161 1368 est,

137 1389 182 1453 rei
200 1387 421 1451 frumentariae
439 1387 616 1472 angustias,
645 1385 672 1451 si
690 1385 829 1463 abesset,
848 1386 1007 1453 metuenti.
1036 1394 1162 1450 senatus

138 1493 168 1547 et
185 1482 336 1567 primores
354 1481 388 1544 iu
404 1481 523 1545 incerto
541 1490 637 1558 erant,
656 1482 766 1565 procul
784 1504 824 1545 an
842 1503 947 1545 coram
961 1472 1162 1546 atrocior'h'a-

136 1577 275 1654 beretur3
303 1575 429 1652 dehinc,
457 1596 538 1658 quae
554 1583 666 1642 natura
684 1576 807 1661 magnis
825 1574 1003 1653 timoribus,
1027 1575 1162 1640 deterius

139 1669 308 1734 credebant
325 1670 410 1753 quod
429 1678 583 1733 evenerat.

200 1763 275 1848 Ipse
298 1763 478 1846 quotidem
500 1764 673 1846 acquireret
696 1763 773 1827 nihil
795 1786 930 1847 usquam
951 1763 1081 1848 perinde
1100 1764 1163 1828 lae·
1181 1780 1213 1826 37

137 1867 204 1920 tum
223 1856 291 1933 sibi,
310 1855 444 1940 publicis
458 1857 534 1921 locis
550 1868 668 1921 struere
687 1858 830 1921 convivia
844 1867 969 1940 totaque
983 1857 1060 1922 urbe
1074 1859 1165 1941 quasi

138 1951 230 2015 domo
244 1949 303 2012 uti:
322 1958 353 2013 et
365 1948 584 2034 celeberrimae
598 1949 675 2012 luxu
688 1949 835 2033 famaque
849 1950 958 2035 epulae
972 1950 1070 2027 fuere,
1084 1972 1163 2034 quas

138 2068 157 2107 a
166 2042 322 2127 Tigellino
330 2051 454 2127 paratas
463 2051 498 2106 ut
507 2042 686 2127 exemplum
699 2043 842 2121 referam,
861 2066 901 2107 ae
916 2044 1040 2128 saepius
1055 2045 1164 2110 eadem

137 2137 334 2222 prodigentia
351 2136 573 2201 narranda-sit.
592 2137 689 2222 igitur
705 2137 739 2201 in
757 2147 869 2223 stagno
887 2132 1051 2223 Agrippae
1069 2137 1165 2202 fabri-

139 2240 226 2294 catus
245 2239 293 2294 est
314 2240 422 2306 ratem,
442 2230 492 2293 cui
507 2231 737 2315 superpositum
755 2233 931 2296 convivium
950 2232 1077 2295 navium
1091 2232 1166 2296 alia-

138 2347 208 2388 rum
221 2332 519 2393 tractumoveretur.
538 2346 635 2388 naves
649 2347 725 2389 auro
739 2334 770 2389 et
788 2324 881 2389 ebore
896 2325 1060 2389 distinctae
1073 2325 1166 2389 remi-

139 2439 258 2503 gesque
278 2417 392 2481 exoleti
410 2440 467 2502 per
484 2427 602 2482 aetates
621 2427 652 2482 et
670 2418 831 2482 scientiam
853 2418 1017 2483 libidinum
1040 2440 1166 2502 compo-

138 2511 306 2589 nebantur3
334 2511 476 2578 volucres
504 2521 535 2576 et
556 2512 640 2576 feras
662 2511 794 2577 diversis
817 2534 834 2576 e
856 2513 945 2579 terris
969 2522 1000 2576 et
1021 2512 1167 2576 animalia

138 2605 234 2669 maris
255 2603 385 2671 Oceano
400 2605 541 2690 abusque
554 2606 715 2691 petiverat.
735 2606 946 2691 crepidinibus
961 2607 1065 2692 stagni
1077 2606 1167 2691 lupa-

139 2699 227 2764 naria
240 2698 385 2763 astabant
398 2700 570 2765 illustribus
585 2700 709 2766 feminis
720 2701 884 2787 completa,
902 2710 934 2766 et
943 2711 1052 2769 contra
1065 2710 1168 2766 scorta

141 2792 322 2858 visebantur
330 2793 422 2858 nudis
438 2794 629 2879 corporibus.
647 2795 711 2858 iam
724 2805 833 2883 gestus
847 2804 1013 2880 motusque
1028 2795 1166 2872 obsceni,

141 2896 172 2950 et
189 2890 356 2973 postquam
374 2887 520 2953 tenebrae
537 2888 737 2967 incedebant,
757 2899 908 2973 quantum
925 2889 1013 2954 iuxta
1030 2890 1166 2955 nemoris

142 2990 173 3044 et
195 2980 392 3046 circumiecta
414 2991 495 3046 tecta
518 3004 690 3057 consonare
713 2993 806 3048 cantu
825 2993 855 3048 et
876 2983 1056 3049 luminibus*
1070 2984 1167 3048 clare-

142 3095 237 3137 scere.
269 3074 415 3159 ipseper
436 3075 635 3159 licitaatque
657 3076 774 3140 inlicita
796 3076 941 3144 foedatus
964 3076 1040 3139 nihil
1058 3077 1168 3162 flagitii

141 3167 307 3250 reliquerat
324 3190 386 3251 quo
404 3169 577 3253 corruptior
594 3178 711 3255 ageret,
730 3169 790 3233 nisi
803 3192 920 3254 paucos
939 3178 1011 3254 post
1028 3170 1095 3234 dies
1113 3171 1168 3234 uni

142 3284 182 3325 cx
199 3261 251 3326 illo
270 3263 549 3341 contaminatorum
562 3285 659 3349 grege
668 3302 709 3310 -
718 3285 835 3327 nomen
843 3262 1044 3350 Pythagorae
1057 3263 1167 3327 fuit-

142 3357 175 3420 in
192 3357 321 3421 modum
340 3358 537 3435 sollemnium
555 3358 771 3444 coniugiorum
794 3358 1009 3443 denupsisset:
1033 3357 1167 3422 inditum

76 3488 78 3492 ι
142 3450 320 3536 imperatori
338 3451 532 3528 flammeum,
555 3452 644 3516 missi
662 3451 822 3537 auspices3
846 3451 903 3515 dos
922 3461 953 3516 et
970 3451 1102 3537 genialis
1121 3460 1179 3514 to·-

142 3567 196 3608 rus
215 3553 246 3608 et
263 3544 349 3609 faces
367 3545 532 3630 nuptiales,
551 3555 663 3610 cuncta
681 3546 813 3628 denique
828 3554 967 3630 spectata
980 3566 1060 3627 quae
1075 3544 1168 3608 etiam

143 3638 177 3700 in
193 3637 312 3702 femina
329 3661 392 3704 nox
411 3640 519 3724 operit.

210 3729 359 3814 Sequitur
377 3725 496 3809 clades,
523 3733 603 3798 forte
627 3758 667 3798 an
690 3733 761 3798 dolo
783 3733 932 3818 principis
954 3733 1108 3796 incertum
1125 3770 1167 3779 -
1186 3743 1218 3792 38

143 3848 217 3889 nam
243 3834 410 3909 utrumque
433 3837 575 3894 auctores
597 3828 761 3912 prodidere
784 3829 901 3892 —sed
923 3826 1068 3892 omnibus
1087 3848 1167 3909 quae

144 3918 217 3983 huic
236 3919 306 3985 urbi
322 3943 379 4006 per
395 3921 574 3987 violentiam
591 3922 712 4007 ignium
730 3915 909 3986 acciderunt
930 3921 1056 4007 gravior
1074 3930 1167 4004 atque

146 4012 286 4077 atrocior.
305 4014 427 4078 initium
445 4016 477 4079 in
495 4039 531 4080 ea
540 4024 627 4101 parte
641 4015 714 4079 circi
728 4025 829 4079 ortum
843 4037 923 4098 quae
932 4015 1076 4080 Palatino
1087 4014 1168 4080 Cae·

145 4105 249 4190 licque
266 4107 425 4175 montibus
444 4110 592 4195 contigua
609 4118 667 4187 est,
686 4109 740 4174 ubi
757 4132 813 4195 per
830 4109 984 4188 tabernas,
1004 4109 1119 4193 quibus
1133 4109 1168 4177 id
