2760 4874
258 377 300 442 62
604 381 787 439 CORNELII
801 379 936 436 TACITI

605 511 607 515 .
1173 486 1192 516 a.
1203 488 1225 517 n.
1236 481 1281 521 itu

257 556 325 610 tum
342 554 373 607 et
387 541 535 607 Cassium
549 549 674 605 secutus
688 561 839 604 concesso
851 540 953 604 reditu
966 541 1114 626 petitione
1127 543 1283 611 honorum

222 707 225 712 ,
257 638 415 715 abstinuit,
433 637 533 700 donec
546 634 627 698 ultro
645 633 815 698 ambiretur
832 634 969 698 delatum
987 627 1189 722 ab'Augusto
1208 660 1284 704 con-

257 734 393 799 sulatum
423 729 578 814 accipere3
609 729 666 794 sed
697 738 820 813 praeter
848 739 995 813 paternos
1009 731 1148 816 spiritus
1174 735 1282 799 uxoris

256 848 380 911 quoque
401 823 572 889 Plancinae
593 822 753 887 nobilitate
775 832 807 887 et
828 822 941 908 opibus
963 826 1205 892 accendebatur:
1228 829 1283 893 vix

256 921 383 987 Tiberio
397 920 576 994 concedere,
590 917 704 982 liberos
719 917 786 981 eius
801 927 837 981 ut
844 918 978 988 multum
989 919 1072 984 infra
1084 921 1282 1006 despectam

254 1014 466 1080 nec'dubium
485 1011 622 1078 habebat
644 1033 679 1076 se
701 1010 869 1089 delectum,
897 1012 951 1096 qni
974 1010 1085 1098 Syriae
1107 1015 1283 1100 imponere

255 1120 314 1187 tur,
333 1109 374 1173 ad
392 1130 464 1193 spes
479 1104 660 1173 Germanici
674 1106 872 1171 coercendas.
895 1105 1053 1172 credidere
1066 1109 1195 1191 quidam
1207 1110 1283 1176 data

255 1212 286 1267 et
307 1226 328 1268 a
345 1201 471 1267 Tiberio
493 1197 617 1265 occulta
639 1199 801 1277 mandata,
826 1208 857 1264 et
873 1197 1058 1265 Plancinam
1079 1200 1165 1265 haud
1186 1202 1282 1266 dubie

254 1295 404 1383 Augusta
433 1295 555 1360 monuit
584 1293 790 1358 aemulatione
820 1294 964 1360 muliebri
994 1295 1204 1381 Agrippinam
1231 1296 1282 1360 in·

255 1389 403 1455 sectandi
439 1388 540 1452 divisa
565 1408 701 1469 namque
726 1396 758 1451 et
783 1386 902 1452 discors
929 1388 1002 1453 aula
1027 1398 1093 1453 erat
1118 1389 1222 1454 tacitis
1246 1389 1281 1454 in

255 1484 398 1549 Drusum
420 1491 475 1546 aut
498 1478 722 1547 Germanicum
744 1482 869 1547 studiis:
897 1482 1043 1547 Tiberius
1064 1492 1101 1546 ut
1120 1484 1281 1568 proprium

255 1587 287 1642 et
312 1577 361 1642 sui
377 1575 549 1662 sanguinis
574 1574 719 1640 Drusum
744 1575 885 1653 fovebat3
917 1573 1106 1642 Germanico
1136 1577 1281 1644 alienatio

254 1672 357 1758 patrui
379 1692 516 1735 amorem
538 1670 624 1755 apud
645 1678 765 1734 eeteros
788 1680 931 1747 auxerat,
954 1679 985 1735 et
1002 1671 1076 1754 quia
1097 1670 1281 1736 claritudine

254 1765 386 1830 materni
402 1764 526 1851 generis
544 1763 691 1841 anteibat,
710 1785 805 1828 avum
822 1763 869 1829 M.
887 1761 1072 1842 Antonium,
1090 1764 1282 1829 aumeulum

254 1858 439 1945 Augustum
456 1859 575 1924 serens:
598 1867 706 1922 contra
722 1856 831 1923 Druso
848 1879 985 1943 proavus
1001 1879 1099 1942 eques
1117 1858 1281 1923 Romanus

253 1953 448 2038 Pomponius
469 1951 596 2016 Atticus
619 1952 768 2017 dedecere
793 1951 998 2018 Claudiorum
1018 1951 1172 2038 imagines
1193 1952 1281 2016 vide-

255 2047 359 2125 batur3
387 2056 419 2111 et
444 2046 581 2112 coniunx
608 2044 788 2111 Germanici
813 2045 992 2132 Agrippina
1017 2046 1208 2112 fecunditate
1243 2069 1281 2112 ao

254 2141 340 2206 fama
363 2140 506 2218 Liviam,
532 2163 662 2205 uxorem
687 2139 810 2218 Drusi,
833 2140 1054 2226 praecellebat:
1086 2141 1143 2206 sed
1166 2139 1280 2205 frames

254 2235 381 2321 egregie
398 2235 569 2299 concordes
587 2244 619 2299 et
630 2235 845 2319 proximorum
857 2234 1077 2300 certaminibus
1090 2234 1280 2300 inconcussi.

155 2326 157 2331 ’
203 2350 237 2396 44
317 2328 385 2393 Nec
405 2327 504 2393 multo
529 2337 602 2412 post
623 2327 749 2393 Drusus
775 2327 809 2391 in
830 2327 991 2412 Illyricum
1016 2328 1133 2393 missus
1155 2336 1217 2405 est,
1244 2337 1281 2392 ut

255 2431 412 2488 suesceret
433 2421 561 2486 militiae
588 2422 753 2505 studiaque
776 2423 930 2487 exercitus
952 2431 1089 2507 pararet;
1116 2421 1211 2486 simul
1231 2421 1290 2507 iu-⁴

253 2537 366 2581 venem
386 2514 506 2580 urbano
527 2514 605 2578 luxu
626 2515 840 2581 lascivientem
861 2515 973 2581 melius
991 2515 1152 2581 incastris
1170 2507 1298 2579 haberis

254 2609 399 2674 'liberius
418 2630 514 2693 seque
531 2608 677 2674 tutiorem
692 2609 819 2674 rebatur
835 2620 967 2699 utroque
984 2609 1049 2674 filio
1066 2609 1205 2695 legiones
1224 2607 1279 2673 ob-

254 2703 379 2767 tinente.
416 2703 472 2766 sed
505 2699 605 2768 Suebi
633 2702 917 2787 praetendebantur
945 2703 1095 2767 auxilium
1126 2704 1278 2768 adversus

255 2795 433 2860 Cheruscos
460 2803 598 2872 orantes3
625 2817 698 2858 nam
720 2795 864 2861 discessu
884 2796 1098 2861 Romanorum
1123 2818 1161 2860 ac
1185 2794 1278 2861 vacui

254 2898 381 2953 externo
399 2897 485 2953 metu
502 2888 604 2974 gentis
627 2889 833 2956 adsuetudine
850 2899 882 2954 et
899 2899 967 2955 tum
984 2889 1190 2955 aemulatione
1208 2890 1277 2976 glo-

253 2983 317 3047 riae
334 3006 420 3047 arma
436 2982 470 3045 in
488 3003 522 3047 se
539 2991 703 3048 verterant
730 2984 779 3049 vis
796 2984 973 3062 nationum,
994 2984 1093 3050 virtus
1112 2985 1228 3048 ducum
1245 2985 1280 3048 in-

253 3097 368 3159 aequ03
391 3075 448 3141 sed
464 3074 698 3141 Maroboduum
718 3078 802 3164 regis
822 3101 938 3143 nomen
954 3078 1096 3144 invisum
1114 3078 1199 3164 apud
1220 3101 1278 3164 po-

252 3171 391 3256 pulares,
409 3168 589 3236 Arminium
605 3192 668 3256 pro-
679 3171 821 3237 libertate
839 3172 1007 3238 bellantem
1023 3172 1113 3238 favor
1130 3172 1276 3237 habebat

202 3287 235 3334 45
317 3265 419 3351 Igitur
439 3287 503 3330 non
519 3265 614 3331 modo
633 3265 787 3332 Cherusci
804 3267 942 3351 sociique
960 3289 1082 3345 eorum,
1104 3277 1196 3332 vetus
1214 3265 1277 3331 Ar·

252 3359 339 3423 minii
356 3359 460 3437 miles,
485 3368 647 3444 sumpsere
669 3360 800 3438 bellum,
823 3362 880 3426 sed
898 3384 915 3426 a
936 3383 1035 3447 regno
1057 3361 1152 3426 etiam
1168 3359 1277 3425 Maro-

252 3452 348 3518 bodui
366 3451 495 3521 Suebae
508 3463 633 3540 gentes,
653 3451 828 3520 Semnones
846 3477 884 3520 ao
900 3453 1115 3541 Langobardi,
1134 3454 1280 3519 defecere·

253 3548 293 3611 ad
310 3569 397 3626 eum3
415 3548 529 3630 quibus
547 3548 662 3613 additis
679 3548 901 3635 praepollebat,
919 3549 953 3612 ni
965 3549 1186 3635 Inguiomerus
1205 3569 1277 3611 cum
1314 3559 1317 3567 “

251 3664 347 3705 manu
369 3640 528 3706 clientium
550 3641 845 3708 adMaroboduum
865 3642 1071 3728 perfugisset,
1097 3663 1162 3707 non
1180 3640 1278 3705 aliam

252 3734 293 3800 ob
315 3758 443 3800 oausam
464 3758 560 3821 quam
581 3737 655 3820 quia
675 3736 780 3803 fratris
801 3737 867 3802 filio
891 3736 997 3801 iuveni
1021 3744 1152 3821 patruus
1180 3757 1278 3799 senex

252 3850 360 3912 parere
382 3829 619 3916 dedignabatur.
644 3830 819 3917 dirigrmtur
841 3829 923 3894 acies
944 3829 1014 3914 pari
1033 3828 1191 3912 utrimque
1209 3849 1275 3913 spe,

252 3943 323 3998 nec,
349 3931 385 3986 ut
405 3923 480 3987 olim
502 3925 587 4009 apud
608 3920 798 4002 Germanos,
825 3924 914 4010 vagis
936 3921 1113 3988 incursibus
1135 3931 1192 3986 aut
1213 3921 1277 3986 dis·

251 4015 348 4079 iectas
374 4037 430 4100 per
455 4027 611 4087 catervas:
636 4019 752 4104 quippe
777 4018 873 4104 longa
898 4019 1066 4082 adversum
1086 4039 1143 4082 nos
1165 4012 1279 4085 militia.

252 4109 450 4175 insueverant
471 4111 560 4195 sequi
582 4112 686 4198 signa,
710 4112 858 4182 subsidiis
880 4111 1009 4189 firmari,
1037 4111 1120 4176 dicta
1141 4109 1274 4195 impera·
