2760 4874
253 404 316 471 282
603 410 788 468 CORNELII
802 409 931 466 TACITI

1169 509 1222 539 aa.
1233 503 1280 540 815.

198 597 231 647 62
313 572 429 637 Varius
448 591 551 634 sermo
568 579 599 632 ct
616 567 658 632 ad
674 579 793 632 metum
811 580 905 652 atque
925 567 1006 634 iram
1023 568 1281 633 accommodatus

248 668 357 733 terruit
370 664 464 730 simul
476 664 653 728 audientem
667 672 698 727 et
710 662 862 727 accendit.
886 661 942 727 sed
954 683 1065 747 parum
1083 661 1210 726 valebat
1228 685 1281 729 su-

250 761 348 849 spicio
373 761 406 823 in
432 780 523 823 servo
549 767 581 821 ct
606 756 842 839 quaestionibus
873 756 1055 821 ancillarum
1082 755 1173 821 elusa
1199 767 1279 834 erat;

249 877 325 942 ergo
342 853 572 918 confessionem
590 850 721 914 alicuius
739 850 848 934 quaeri
869 849 987 936 placet,
1009 849 1061 914 cui
1077 871 1185 914 rerum
1201 871 1281 933 quo-

249 970 310 1033 que
332 968 484 1012 novarum
506 943 624 1008 crimen
646 943 863 1030 effingeretur3
890 953 921 1008 et
942 942 1031 1011 visus
1056 943 1192 1008 idoneus
1213 966 1280 1007 ma-

249 1055 355 1107 ternae
373 1040 458 1105 necis
481 1047 619 1124 patrator
635 1037 803 1114 Anicetus,
826 1037 921 1103 classi
943 1037 1027 1122 apud
1044 1036 1222 1114 Misenum,
1245 1047 1279 1100 ut

248 1133 435 1210 memoravi,
456 1132 648 1218 praefectus,
670 1130 733 1196 levi
755 1140 828 1217 post
849 1130 1022 1196 admissum
1044 1130 1149 1196 scelus
1167 1131 1278 1216 gratia,

248 1229 321 1294 dein
334 1227 477 1314 graviore
491 1225 572 1302 odie,
591 1225 666 1309 quia
676 1225 831 1293 malorum
849 1225 1023 1291 facinorum
1035 1224 1172 1289 ministri
1189 1224 1278 1308 quasi

249 1321 472 1407 exprobrantes
482 1319 683 1404 aspiciuntur.
706 1319 802 1405 igitur
810 1319 944 1384 accitum
953 1340 1026 1383 eum
1036 1317 1158 1383 Caesar
1166 1339 1279 1404 operae

247 1417 359 1503 prioris
378 1415 538 1479 admonet:
558 1413 660 1478 solum
677 1413 881 1478 incolumitati
893 1413 1044 1499 principis
1061 1412 1216 1478 adversus
1233 1413 1279 1476 in-

249 1510 414 1574 sidiantem
436 1517 567 1571 matrem
594 1506 793 1586 subvenissc3
819 1507 924 1572 locum
945 1507 1030 1572 haud
1055 1507 1187 1572 minoris
1209 1529 1280 1593 gra·

249 1603 310 1667 tiae
328 1603 457 1678 instare,
482 1601 508 1665 si
531 1601 697 1686 coniugem
720 1601 876 1666 infensam
897 1601 1080 1687 depelleret3
1103 1622 1163 1665 nec
1185 1623 1279 1665 manu

248 1706 303 1760 aut
320 1694 381 1759 telo
400 1716 494 1778 opus:
513 1693 661 1758 fateretur
680 1692 833 1760 Octaviae
851 1694 1047 1759 adulterium.
1070 1695 1196 1760 oeerdta
1212 1694 1280 1778 qui·

248 1790 321 1853 dem
339 1788 541 1872 adpraesens
560 1787 617 1853 sed
630 1811 745 1874 magna
763 1789 791 1853 ei
804 1789 944 1875 praemia
961 1799 992 1853 et
1010 1809 1156 1854 secessus
1175 1809 1302 1875 amoc·

249 1905 306 1949 nos
324 1881 489 1968 promittit,
513 1881 577 1958 vel,
602 1882 629 1947 si
651 1883 845 1969 negavisset,
867 1904 976 1948 necem
994 1884 1135 1948 intentat
1163 1882 1217 1946 ille
1234 1883 1280 1946 in-

250 1977 312 2042 sita
327 1975 473 2041 vecordia
490 1985 521 2040 et
538 1975 688 2040 facilitate
709 1977 849 2062 priorum
871 1976 1059 2064 flagitiorum
1077 1977 1169 2062 plura
1187 1977 1280 2041 etiam

249 2096 345 2156 quam
363 2071 484 2136 iussum
502 2080 568 2135 erat
585 2071 675 2157 fingit
688 2071 866 2155 fateturque
878 2071 963 2157 apud
980 2071 1108 2147 amieos,
1127 2092 1210 2154 quos
1228 2093 1281 2134 ve-

248 2168 296 2231 lut
319 2165 449 2231 consilio
472 2163 657 2229 adhibuerat
678 2165 833 2250 princeps.
860 2175 928 2229 tum
943 2164 977 2228 in
996 2163 1175 2230 Sardiniam
1192 2164 1282 2250 pelli-

250 2273 314 2338 tur,
334 2259 388 2324 ubi
406 2282 469 2323 non
486 2258 576 2344 inops
595 2259 722 2323 exilium
741 2259 883 2323 toleravit
900 2268 932 2323 et
948 2259 1015 2323 fato
1031 2258 1117 2323 obiit.

200 2381 231 2429 6³
315 2353 360 2418 At
380 2353 465 2418 Nero
490 2353 684 2440 praefectum
706 2353 739 2416 in
765 2375 854 2438 spem
880 2353 1047 2418 sociandae
1074 2352 1186 2417 classis
1214 2374 1281 2417 cor·

249 2458 376 2534 ruptum
394 2458 433 2524 et,
453 2448 612 2512 incusatae
626 2446 720 2533 paulo
734 2456 805 2511 aute
823 2446 992 2512 sterilitatis
1006 2446 1131 2524 oblitus,
1151 2445 1280 2510 abactos

250 2555 356 2629 partus
379 2541 570 2606 conscientia
596 2541 760 2607 libidinum
788 2563 887 2625 eaque
914 2540 974 2606 sibi
996 2550 1156 2625 comperta
1178 2540 1280 2604 edicto

250 2645 401 2699 memorat
418 2635 581 2719 insulaque
599 2633 789 2699 Pandateria
803 2633 970 2700 Octaviam
989 2634 1113 2699 claudit
1136 2655 1203 2697 non
1220 2633 1281 2697 alia

251 2728 322 2792 exul
341 2729 507 2791 visentium
530 2728 637 2792 oculos
655 2729 772 2793 maiore
794 2729 1007 2792 misericordia
1029 2727 1148 2792 affecit:
1172 2727 1281 2790 memi-

250 2828 359 2884 nerant
376 2820 479 2884 adhuc
496 2823 624 2902 quidam
641 2822 837 2908 Agrippinae
855 2846 874 2886 a
892 2821 1033 2900 Tiberio,
1056 2821 1211 2886 recentior
1228 2821 1280 2884 Iu-

250 2914 309 2976 liae
328 2913 477 2975 memoria
495 2913 720 2980 obversabatur
737 2941 756 2981 a
775 2915 909 2981 Claudio
931 2917 1054 3001 pulsae3
1078 2915 1135 2980 sed
1152 2915 1215 2981 illis
1232 2938 1280 2979 ro-

251 3007 310 3071 bur
331 3005 441 3070 aetatis
465 3007 610 3085 affuerat3
637 3008 719 3073 laeta
741 3011 846 3095 aliqua
867 3011 1009 3075 viderant
1030 3020 1062 3074 et
1082 3019 1279 3095 praesentem

252 3100 413 3164 saevitiam
432 3100 567 3165 melioris
590 3102 665 3166 olim
687 3104 830 3169 fortunae
852 3104 1065 3169 recordatione
1087 3102 1279 3167 allevabantt

251 3195 324 3258 huic
342 3193 460 3279 primus
478 3196 656 3280 nuptiarum
674 3197 741 3262 dies
759 3198 828 3268 loco
846 3198 965 3263 funeris
983 3197 1057 3274 tuit,
1076 3196 1231 3261 deductae
1248 3196 1279 3258 in

250 3291 379 3354 domum
400 3290 433 3353 in
455 3313 517 3374 qua
539 3291 616 3356 nihil
642 3293 703 3358 nisi
724 3293 902 3359 luctuosum
923 3293 1067 3370 haberet,
1095 3301 1204 3377 erepto
1225 3313 1281 3377 per

251 3410 405 3451 venenum
427 3397 514 3472 patre
532 3399 564 3453 et
581 3390 685 3454 statim
702 3390 812 3468 fratre3
835 3400 902 3454 tum
924 3389 1037 3454 ancilla
1058 3387 1188 3453 domina
1205 3387 1282 3451 vali-

251 3481 319 3545 dior
336 3490 367 3544 et
385 3481 534 3566 Poppaea
555 3506 617 3547 non
635 3484 696 3548 nisi
713 3484 746 3547 in
767 3484 939 3570 perniciem
959 3483 1065 3547 uxoris
1088 3490 1203 3566 nupta,
1224 3505 1283 3568 po-

202 3596 233 3642 et
252 3585 367 3639 stremo
395 3575 511 3639 crimen
538 3577 622 3641 omni
649 3578 743 3642 exitio
769 3579 906 3664 gravius.
939 3599 976 3642 ac
998 3577 1103 3661 puella
1128 3576 1281 3640 vicesimo

231 3749 233 3755 Ι
252 3670 361 3733 aetatis
380 3692 475 3746 anno,
494 3671 574 3735 inter
591 3673 785 3737 centuriones
805 3683 836 3736 et
852 3672 981 3749 milites,
999 3671 1166 3757 praesagio
1184 3670 1283 3734 malo-

251 3780 319 3827 rum
343 3765 406 3828 iam
427 3765 492 3829 vita
514 3776 673 3851 exempta,
696 3767 834 3832 nondum
858 3777 964 3837 tamen
984 3774 1083 3853 morte
1101 3765 1284 3848 acquiesce·

251 3856 314 3921 bat.
345 3858 454 3942 paucis
482 3859 594 3924 dehinc
616 3860 782 3926 interiectis
805 3860 916 3925 diebus
943 3859 1022 3925 mori
1043 3858 1183 3936 iubetur,
1211 3880 1283 3923 cum

251 3956 314 4019 iam
336 3956 462 4018 viduam
486 3978 519 4019 se
543 3965 573 4019 et
594 3965 714 4020 tautum
737 3978 875 4020 sororem
897 3963 1062 4020 testaretur
1084 3975 1284 4019 communes·

252 4071 313 4131 que
341 4046 545 4113 Germanicos
572 4060 603 4114 et
627 4060 785 4134 postremo
812 4049 1007 4134 Agrippinae
1033 4069 1150 4112 nomen
1176 4047 1283 4131 cieret,

253 4165 315 4226 qua
332 4142 478 4205 incolumi
496 4143 606 4206 infelix
628 4144 755 4227 quidem
773 4143 1003 4208 matrimonium
1026 4141 1083 4206 sed
1100 4141 1169 4207 sine
1189 4143 1284 4221 ervitio
