2760 4874
326 389 529 454 auuamutr
546 397 683 455 mavi.
702 371 973 473 19'-aa.(13-1r.)
1102 387 1162 452 163

138 488 254 540 achsa.

137 553 365 631 consularibus,
385 563 488 619 cetera
506 555 642 638 equestri
659 554 779 619 familia
797 565 871 632 erat,
890 556 973 620 mitis
991 556 1118 642 ingenio
1131 567 1163 623 et

137 658 280 734 comptae
293 648 468 712 facundiae.
489 647 631 725 Cassius,
649 648 764 734 plebeii
772 649 893 713 Romae
905 650 1041 734 generis,¹
1053 673 1162 714 rernm

137 742 257 826 antiqui
282 741 499 824 honoratique,
528 751 559 805 et
582 764 691 806 severa
713 742 999 827 patris-disciplina
1020 744 1161 821 eductus,

136 836 285 900 facilitate
312 834 437 919 saepius
465 856 560 918 quam
586 835 740 899 industria
765 835 1054 902 commendabatur:
1089 837 1163 901 huic

136 928 324 1006 Drusillam,
351 927 476 992 Vinicio
502 926 617 991 Iuliam
640 925 833 992 Germanico·
854 929 978 1014 genitas
1002 930 1163 1015 coniungit

137 1043 293 1107 superque
311 1043 349 1085 ea
365 1042 399 1084 re
418 1020 540 1085 senatui
558 1019 679 1098 scribit,
697 1020 760 1084 levi
777 1043 850 1085 cum
868 1021 985 1086 honore
1002 1023 1161 1087 iuvenum.

136 1115 210 1179 dein
231 1113 360 1178 redditis
387 1113 549 1178 absentiae
570 1114 673 1178 causis
701 1113 871 1178 admodum
892 1107 983 1200 vagis
1009 1115 1096 1180 flexit
1122 1116 1163 1180 ad
1204 1195 1209 1204 .

136 1209 281 1294 graviora
303 1217 334 1272 et
356 1207 546 1273 offensiones
565 1207 605 1272 ob
628 1207 874 1292 rempublicam
896 1220 1037 1294 coeptas,
1064 1219 1161 1293 utque

136 1301 247 1367 Macro
265 1300 441 1386 praefectus
460 1300 716 1384 tribunorumque
734 1311 765 1367 et
778 1302 994 1367 centurionum
1007 1303 1100 1389 pauci
1114 1325 1163 1368 se·

136 1417 210 1461 cum
218 1395 388 1471 introirent,
402 1395 547 1485 quotiens
557 1396 675 1459 curiam
683 1395 906 1481 ingrederetur,
920 1397 1046 1482 petivit:
1063 1398 1163 1464 facto-

136 1511 199 1573 que
210 1489 298 1574 large
312 1498 343 1553 ct
356 1489 423 1553 sine
436 1489 680 1574 praescriptione
693 1490 817 1575 generis
831 1499 886 1554 aut
897 1491 1020 1555 numeri
1034 1502 1162 1556 senatus

137 1582 279 1648 consulto
296 1603 336 1647 nc
354 1591 436 1647 tecta
453 1583 580 1666 quidem
597 1581 699 1659 urbis,
722 1582 801 1647 adeo
818 1583 979 1667 publicum
997 1584 1163 1654 consilium

137 1697 309 1759 numquam
326 1676 415 1754 adiit,
439 1677 538 1742 deviis
556 1676 740 1761 plerumque
761 1676 924 1742 itineribus
948 1676 1089 1743 ambiens
1107 1701 1163 1763 pa·-

137 1772 228 1835 triam
246 1780 278 1836 et
294 1771 465 1835 declinans.

200 1864 326 1930 Interea
342 1887 458 1950 magna
475 1863 522 1929 vis
541 1872 758 1929 accusatorum
775 1865 808 1928 in
826 1887 880 1930 eos
894 1865 1020 1950 inrupit,
1039 1866 1094 1950 qui
1105 1887 1161 1950 pe-
1180 1871 1211 1918 22

137 1959 245 2022 cunias
258 1957 599 2035 faenorerauctitabant,
619 1958 784 2022 adversum
797 1958 901 2043 legem
910 1959 1068 2027 dictatoris
1079 1958 1161 2024 Cae-
1174 1935 1217 1986 ⁰⁶)

138 2051 231 2128 saris,
257 2045 375 2135 quade
393 2052 486 2116 modo
505 2051 652 2116 credendi
672 2051 925 2137 possidendique
939 2052 1021 2117 intra
1035 2052 1162 2117 ltaliam

137 2154 274 2222 cavetur,
293 2145 443 2211 omissam
460 2145 544 2223 olim,
562 2145 638 2228 quia
650 2146 771 2230 privato
785 2144 857 2210 usui
869 2144 988 2210 bonum
1000 2144 1161 2230 publicum

136 2239 343 2324 postponitur.
375 2261 450 2304 sane
472 2248 563 2304 vetus
586 2238 656 2304 urbi
678 2237 825 2307 faenebre
846 2238 965 2304 malum
987 2247 1018 2302 et
1036 2239 1162 2302 seditio-
1218 2320 1220 2325 .

136 2356 213 2398 num
230 2333 517 2417 discordiarumque
539 2333 728 2399 creberrima
745 2355 854 2410 causa,
877 2346 977 2416 eoque
995 2330 1162 2397 cohibeba-

136 2438 188 2492 tur
213 2427 347 2512 antiquis
373 2448 498 2511 quoque
524 2437 556 2492 et
581 2428 684 2492 minus
716 2427 869 2512 corruptis
899 2425 1063 2491 moribus:
1088 2449 1161 2491 nam

136 2521 236 2606 primo
254 2521 419 2586 duodecim
438 2521 552 2587 tabulis
571 2531 714 2586 sanctum
731 2521 859 2604 nequis
878 2520 1016 2585 unciario
1034 2519 1162 2584 faenore

137 2615 270 2699 amplius
289 2612 455 2693 exerceret,
474 2636 547 2680 oum
564 2626 657 2681 antea
674 2638 714 2680 ex
731 2615 859 2685 libidine
876 2614 1078 2701 locupletium
1095 2614 1162 2700 agi-

136 2717 266 2786 taretur3
285 2709 357 2773 dein
373 2710 535 2796 rogatione
553 2709 719 2775 tribunicia
735 2710 776 2774 ad
793 2709 969 2775 semuncias
987 2709 1161 2786 redactum3

136 2811 295 2886 postremo
316 2803 412 2868 vetita
437 2826 580 2882 versura3
606 2804 776 2886 multisque
797 2802 899 2888 plebis
926 2801 1012 2866 scitis
1035 2798 1162 2867 obviam

136 2897 216 2960 itum
241 2894 419 2974 fraudibus,
446 2918 527 2980 quae
553 2897 666 2962 totiens
688 2918 850 2983 repressae
875 2895 970 2961 miras
996 2917 1053 2980 per
1078 2904 1161 2960 artes

136 3012 260 3053 rursum
273 2989 460 3059 oriebantur.
480 2991 617 3055 sedtum
631 2987 795 3055 Gracchus
807 2999 942 3074 praetor,
956 2989 1007 3054 cui
1020 3011 1057 3053 ea
1065 3011 1162 3072 quae·

138 3084 197 3149 stio
215 3085 593 3160 evenerat,„multitudine
615 3084 855 3168 periclitantium
877 3082 1026 3151 subactus
1043 3083 1162 3154 rettulit

137 3177 179 3241 ad
192 3186 343 3256 senatum,
363 3179 536 3265 trepidique
548 3179 704 3264 patres-
714 3200 816 3261 neque
830 3177 913 3243 enim
926 3177 1094 3260 quisquam
1107 3176 1163 3240 tali

138 3269 231 3355 culpa
246 3294 365 3338 vacuus
375 3311 417 3320 —
430 3269 556 3337 'veniam
573 3296 594 3336 a
605 3272 746 3365 principe
758 3270 912 3356 petivere,
926 3279 957 3333 et
970 3269 1161 3334 concedente

137 3384 238 3431 annus
259 3364 292 3429 in
313 3375 473 3451 posterum
499 3387 618 3449 sexque
640 3386 764 3430 menses
787 3364 865 3440 dati,
888 3363 964 3445 ,quis
987 3362 1161 3428 secundum

136 3459 224 3523 iussa
240 3459 322 3544 legis·
337 3460 473 3526 rationes
491 3461 660 3525 familiares
678 3460 812 3544 quisque
830 3465 1059 3542 componerent.
1086 3456 1159 3520 hinc
1173 3459 1215 3575 ἐξ)

136 3553 243 3639 inopia
254 3555 299 3618 rei
311 3555 513 3634 nummariae,
533 3564 689 3620 commoto
704 3553 796 3619 simul
810 3553 949 3618 omnium
962 3573 1033 3616 aere
1046 3551 1157 3627 alieno,

95 3678 99 3687 ¹
137 3654 169 3710 et
185 3647 259 3730 quia
276 3657 322 3713 tot
339 3649 494 3714 damnatis
516 3649 670 3732 bonisque
688 3671 795 3713 eorum
812 3645 980 3710 divenditis
1002 3645 1162 3730 signatum

137 3750 302 3825 argentum
309 3742 387 3808 fisco
396 3743 447 3808 vel
459 3742 578 3832 aerario
591 3741 787 3807 attinebatur.
807 3741 847 3805 ad
860 3739 920 3804 hoc
933 3747 1060 3803 senatus
1071 3757 1162 3822 prac-

137 3834 318 3920 scripserat,
341 3837 420 3902 duas
438 3837 571 3921 quisque
588 3836 724 3905 faenoris
746 3844 850 3921 partes
872 3834 906 3898 in
923 3833 1007 3919 agris
1024 3853 1081 3917 per
1098 3831 1161 3895 Ita-

136 3927 212 3992 liam
224 3930 413 4009 conlocaret3
433 3932 489 3996 sed
502 3931 670 3996 creditores
683 3930 716 3994 in
731 3928 864 3995 solidum
880 3926 1087 4013 appellabant,
1102 3936 1162 3990 ne'c

137 4021 285 4087 decorum
303 4026 467 4110 appellatis
485 4027 624 4091 minuere
646 4024 755 4089 fidem:
777 4023 821 4088 ita
841 4022 943 4108 primo
966 4020 1161 4086 concursatio
1256 4083 1258 4087 .

138 4122 170 4181 et
185 4137 296 4202 preces
301 4142 311 4198 3
328 4120 555 4213 deinstrepere
572 4119 723 4206 praetoris
736 4116 885 4196 tribunal;
903 4136 1002 4199 eaque
1019 4135 1100 4200 quae
1112 4135 1162 4178 re-

748 4237 752 4244 '
928 4215 990 4280 ll*
