2760 4874
356 401 565 460 nuunmuu
581 403 656 457 mn.
671 402 751 458 xlv.
769 403 887 458 50-54.
1067 357 1143 456 277⁶

108 493 223 542 lachin.

108 583 183 646 opes
202 560 304 625 adhuc
322 569 460 646 augeret,
479 559 624 643 quodque
642 561 746 625 studia
760 561 876 651 civium
893 561 926 624 in
941 583 974 624 sc
989 571 1130 638 verteret,

107 656 267 720 hortorum
276 675 400 738 quoque
411 654 597 718 amoenitate
607 664 638 718 et
646 654 791 719 villarum
800 655 1032 740 magnificentia
1040 655 1132 737 quasi

94 748 280 839 {principem
302 748 590 832 supergrederetur3
618 747 796 812 obiciebant
818 749 911 812 etiam
938 748 1132 830 eloquentiae

107 842 232 906 laudem
253 841 309 904 uni
337 840 397 904 sibi
419 841 572 904 asciscere
595 851 626 905 ot
651 842 790 906 carmina
816 841 954 906 crebrius
981 841 1131 916 factitare,

106 946 273 1021 postquam
291 934 408 999 Neroni
425 957 513 999 amor
528 957 639 998 corum
657 936 804 999 venisset.
832 959 906 1001 nam
924 935 1133 1000 oblectamen-

107 1030 147 1092 tis
165 1029 315 1113 principis
332 1028 437 1112 palam
454 1028 597 1112 iniquum
616 1029 786 1093 detractare
794 1029 865 1093 ‚vim
883 1029 952 1092 eius
969 1049 1066 1111 equos
1085 1049 1141 1094 rer

107 1123 225 1208 gentis,
248 1122 378 1187 illudere
400 1143 508 1199 voces,
532 1121 676 1205 quotiens
699 1132 832 1186 caneret.
859 1144 953 1206 quem
977 1122 1017 1185 ad
1038 1120 1132 1184 finem

108 1216 185 1279 nihil
202 1216 235 1279 in
253 1238 285 1280 re
307 1215 434 1301 publica
451 1212 570 1279 clarum
592 1210 659 1280 fore
681 1217 767 1299 quod
784 1239 847 1280 non
869 1215 984 1280 abillo
1006 1213 1132 1298 reperiri
1181 1206 1218 1273 0

63 1371 67 1388 ,
109 1309 269 1374 credatur?
286 1320 369 1375 certe
386 1309 506 1373 finitam
522 1309 657 1373 N'eronis
671 1310 845 1396 pueritiam,
865 1320 896 1373 et
913 1308 1008 1373 robur
1025 1307 1134 1375 iuven-

109 1415 158 1467 tac
181 1404 306 1487 adesse:
334 1413 461 1468 exueret
482 1403 682 1489 magistrum,
711 1404 787 1468 satis
814 1403 926 1490 amplis
953 1399 1133 1466 doctoribus

108 1498 278 1560 instructus
296 1496 466 1561 maioribus
486 1497 561 1567 suis.
728 1495 730 1500 ’

171 1589 218 1653 At
236 1588 358 1655 Seneca
375 1590 605 1659 criminantium
622 1613 687 1655 non
702 1591 841 1677 ignarus,
860 1587 1064 1676 prodentibus
1082 1587 1132 1650 his
1152 1608 1183 1654 53

109 1684 223 1768 quibus
247 1685 351 1769 aliqua
372 1685 496 1749 honesti
518 1708 607 1764 cura,
631 1696 662 1750 et
683 1686 925 1753 familiaritatem
943 1685 1010 1749 eins
1030 1683 1132 1768 magis

109 1789 293 1863 aspernante
317 1777 467 1857 Caesare,
495 1787 619 1865 tempus
643 1781 778 1846 sermoni
800 1790 920 1846 oratct
941 1788 1069 1862 accepto
1091 1778 1153 1841 ita,

109 1872 231 1956 incipit:

175 1965 336 2046 „Quartus
351 1966 491 2030 (lecimus
506 1990 606 2031 annus
620 1979 677 2044 est,
698 1966 826 2044 Caesar,
845 1990 885 2030 ex
903 1989 965 2049 quo
980 1966 1049 2049 spei
1062 1975 1133 2029 tuae

110 2058 254 2122 admotus
275 2081 358 2135 sum,
378 2069 521 2136 octavus,
541 2071 576 2124 ut
592 2061 758 2146 imperium
776 2061 915 2125 obtines:
934 2060 1037 2124 medio
1056 2070 1133 2122 tem-

110 2151 193 2236 poris
216 2161 336 2216 tantum
359 2152 513 2217 honorum
535 2164 628 2237 atque
650 2155 802 2239 opumin
823 2177 873 2217 me
896 2153 1076 2228 cumulasti,
1089 2160 1135 2215 'ut

109 2245 186 2309 nihil
200 2244 340 2309 felicitati
352 2268 440 2310 meae
455 2246 536 2310 desit
554 2247 616 2318 nisi
633 2248 900 2332 moderatio-eius.
924 2252 993 2311 utar
1010 2246 1138 2330 magnis

110 2338 275 2423 exemplis,
298 2361 358 2402 ncc
376 2361 463 2404 meae
486 2340 628 2404 fortunae
652 2342 708 2404 scd
725 2351 811 2412 tuae:
834 2343 952 2405 abavus
975 2350 1047 2403 tuus
1065 2337 1135 2401 Au·

109 2427 221 2517 gustus
243 2432 355 2496 Marco
376 2432 540 2519 Agrippae
561 2433 773 2519 Mytilenense
795 2444 963 2510 secretum,
988 2432 1025 2497 O.
1044 2432 1135 2496 Mae-

110 2526 211 2590 cenati
228 2526 306 2590 urbc
322 2527 356 2589 in
372 2526 443 2611 ipsa
456 2527 541 2591 velut
553 2529 754 2614 peregrinum
768 2529 866 2592 otium
883 2527 1039 2612 permisit:
1058 2549 1135 2608 quo·

108 2643 179 2684 rum
197 2621 274 2683 alter
286 2619 438 2684 bellorum
453 2622 567 2699 socius,
586 2622 664 2686 alter
674 2622 797 2699 Romae
814 2621 956 2706 pluribus
974 2619 1133 2684 laboribus

109 2715 240 2778 iactatus
261 2714 366 2798 ampla
383 2714 525 2796 quidem,
546 2716 603 2779 sed
619 2739 676 2800 pro
694 2716 875 2802 ingentibus
894 2715 1027 2791 meritis,
1045 2720 1134 2799 prae-
1223 2767 1225 2770 .

109 2808 172 2871 mia
194 2818 390 2892 acceperant:
418 2831 477 2895 ego
500 2811 576 2894 quid
598 2811 683 2875 alind
706 2811 934 2899 munificentiae
958 2823 1025 2875 tace
1047 2810 1135 2874 adhi-

109 2901 182 2965 bere
200 2901 286 2985 potui
300 2925 395 2986 quarn
414 2905 526 2982 studia,
545 2915 581 2969 ut
600 2906 646 2970 sic
660 2907 802 2984 dixerim,
821 2907 855 2969 in
868 2905 980 2970 umbra
993 2906 1133 2979 educata,

110 3005 140 3058 et
158 2994 272 3077 quibus
291 2996 442 3062 claritudo
460 2999 560 3076 venit,
583 3001 669 3083 quod
690 3001 835 3067 iuventae
857 3011 928 3064 tuae
951 2998 1134 3062 rudimentis

110 3088 239 3152 affuisse
262 3090 383 3168 videor,
406 3093 524 3177 grande
546 3093 640 3157 huius
659 3095 704 3158 rei
726 3095 870 3179 pretium.
898 3104 930 3157 at
947 3103 981 3154 tu
1002 3092 1137 3184 gratiam

110 3183 298 3258 inmensam,
321 3183 517 3248 innumeram
539 3188 706 3270 pecuniam
729 3186 974 3261 circumdedisti,
1001 3185 1079 3247 adeo
1101 3193 1135 3246 ut

110 3275 293 3358 plerumque
310 3276 391 3340 intra
408 3299 459 3341 mc
475 3279 544 3362 ipse
562 3279 700 3343 volvam:
720 3303 844 3366 ‚egonc,
863 3278 999 3363 equestri
1017 3286 1047 3341 et
1064 3298 1135 3361 pro·

111 3367 236 3432 vinciali
257 3368 326 3434 loco
344 3379 444 3448 ortus,
467 3372 650 3456 proceribus
673 3373 807 3458 civitatis
830 3371 1035 3438 adnumeror?
1056 3371 1136 3433 inter

111 3463 231 3527 nobiles
250 3475 281 3528 ct
301 3465 398 3551 longa
419 3470 527 3531 decora
548 3467 758 3552 praeferentes
780 3470 902 3538 nouitas
921 3490 991 3532 mea
1008 3466 1135 3530 enituit?

112 3557 166 3629 ubi
183 3568 231 3622 est
249 3559 371 3623 animus
389 3560 441 3624 ille
460 3561 591 3625 modicis
609 3563 791 3626 contentus?
809 3563 879 3627 talis
896 3563 1003 3626 hortos
1022 3560 1136 3623 extruit

112 3660 143 3713 ct
163 3674 220 3735 per
240 3652 318 3717 haec
341 3652 522 3718 suburbana
543 3656 659 3721 incedit
681 3666 712 3720 et
730 3657 823 3720 tantis
846 3679 992 3742 agrorum
1015 3653 1134 3738 spatiis

112 3755 176 3807 tam
198 3745 260 3810 lato
283 3747 391 3812 fenore
415 3748 598 3813 exuberat?‘
623 3773 687 3814 una
709 3749 851 3813 defensio
878 3749 1024 3824 omunia
1050 3747 1135 3830 quod

112 3838 293 3904 muneribus
311 3842 373 3905 tuis
393 3841 490 3907 obniti
512 3866 576 3908 non
594 3843 702 3908 debui:
726 3845 782 3908 scd
803 3846 934 3927 uterque
955 3864 1133 3906 mensuram
1152 3861 1185 3908 54

102 3930 314 4025 ‘inplevimum
338 3946 368 3999 et
387 3949 432 4011 tu,
455 3948 606 4021 quantum
628 3937 773 4023 princeps
792 3937 930 4003 tribucre·
944 3938 1044 4004 amico
1061 3959 1135 4022 pos-

113 4033 173 4100 sct,
197 4035 227 4090 ct
245 4049 319 4113 ego,
342 4041 493 4113 quantum
516 4032 635 4096 amicus
654 4055 674 4096 a
695 4033 834 4117 principe
857 4032 1009 4116 accipere:
1032 4042 1135 4095 cetera

112 4118 261 4185 invidiam
284 4133 414 4208 augent3
437 4147 517 4208 quae
536 4125 678 4209 quidem,
700 4125 859 4191 ut‘omnia
877 4125 1030 4203 mortalia,
1052 4124 1135 4188 infra
