2760 4874
201 374 203 379 ’
257 388 299 451 66
607 395 933 454 connumeramur

1114 497 1133 525 a.
1144 497 1165 525 u.
1176 489 1221 527 ΠΟ.
1232 489 1277 528 771.

257 579 354 641 aeque
381 554 550 620 cavebatur
576 576 670 637 quam
696 576 735 618 no
761 553 877 619 bellum
903 562 989 618 metu
1016 554 1189 619 eluderent:
1222 579 1279 640 spe

140 665 143 673 “
256 650 403 715 victoriae
424 649 544 714 inducti
566 659 638 712 sunt
659 658 694 711 ut
711 649 915 712 vincerentur.
942 648 1038 734 igitur
1057 647 1141 734 legio
1163 650 1277 728 medio,

255 746 341 810 leves
367 743 509 809 cohortes
540 742 682 825 duaeque
708 742 776 806 alae
801 743 834 806 in
861 742 1007 807 cornibus
1033 743 1188 821 locantur3
1219 766 1279 809 nec

256 837 440 904 Tacfarinas
458 858 597 922 pugnam
615 836 805 902 detrectarit.
831 834 895 900 fusi
912 835 1080 914 Numidae,
1099 836 1278 920 multosque

255 942 326 1018 post
335 953 434 996 annos
443 930 539 995 Furio
547 930 664 994 nomini
677 941 802 1015 partum
814 930 909 995 decus
919 930 1060 1008 militiae3
1074 953 1148 994 nam
1159 935 1232 1016 post
1241 932 1280 996 il-

255 1027 320 1090 lum
328 1025 565 1110 reciperatorem
574 1023 660 1088 urbis
669 1023 828 1107 filiumque
838 1023 904 1087 eius
916 1020 1084 1087 Camillum
1092 1046 1189 1109 penes
1199 1025 1277 1089 alias

257 1118 390 1184 familias
408 1117 606 1203 imperatoria
622 1117 691 1182 laus
710 1117 819 1194 fuerat,
838 1126 932 1201 atque
948 1116 999 1181 hie
1013 1139 1105 1200 quem
1123 1140 1278 1184 memora-

255 1236 325 1278 mus
334 1212 486 1277 bellorum
499 1233 610 1295 expers
619 1210 805 1276 habebatur:
820 1233 857 1276 eo
865 1211 990 1296 pronior
999 1211 1145 1275 Tiberius
1158 1234 1208 1276 res
1222 1235 1278 1297 ge-

255 1317 318 1372 stas
328 1307 413 1390 apud
426 1315 569 1370 senatum
578 1305 754 1381 celebravit,
770 1314 800 1369 et
813 1305 977 1369 deerevere
986 1315 1091 1390 patres
1105 1305 1278 1390 triumpha-

254 1400 297 1465 lia
308 1400 453 1485 insignia,
473 1400 557 1482 quod
567 1397 701 1464 Camillo
714 1398 755 1463 ob
769 1399 955 1464 modestiam
968 1399 1050 1464 vitae
1063 1399 1191 1484 impune
1206 1400 1275 1463 fuit.

205 1514 235 1562 53
318 1491 461 1576 Sequens
488 1516 587 1571 annus
615 1485 762 1557 Tmnmuu
787 1516 905 1569 enarro,
938 1491 1139 1558 Genumana
1168 1518 1277 1558 resnou

254 1588 397 1653 consules
416 1586 538 1664 habuit;
557 1588 613 1652 sed
630 1609 702 1651 eum
719 1586 868 1651 honorem
882 1585 1090 1652 Germanicus
1106 1588 1174 1652 iniit
1191 1589 1276 1672 apud

253 1680 363 1746 urbem
375 1679 516 1745 Achaiae
528 1680 713 1764 Nicopolim,
728 1702 790 1764 quo
803 1690 930 1747 venerat
942 1703 998 1766 per
1006 1681 1164 1766 Illyricam
1177 1703 1275 1758 oram,

254 1776 323 1840 viso
339 1775 433 1841 fratre
451 1773 560 1839 Druso
577 1774 610 1837 in
627 1774 787 1839 Delmatia
804 1785 931 1860 agente,
954 1775 1129 1840 Hadriatici
1147 1797 1184 1839 ae
1201 1798 1276 1839 mox

253 1869 333 1933 Ionii
351 1868 445 1933 maris
462 1868 627 1932 adversam
638 1868 870 1953 navigationem
886 1889 1068 1954 perpessus3
1086 1868 1181 1954 igitur
1197 1890 1276 1953 pau-

253 1985 308 2027 cos
325 1963 392 2026 dies
409 1961 577 2047 insumpsit
593 1961 779 2025 reficiendae
795 1961 903 2039 classi3
927 1962 1019 2026 simul
1037 1962 1123 2027 sinus
1142 1960 1276 2026 Actiaca

253 2057 381 2122 victoria
398 2056 530 2122 inclutos
549 2065 580 2120 et
594 2065 734 2121 'sacratas
753 2055 792 2121 ab
810 2056 958 2143 Augusto
976 2056 1139 2122 manubias
1158 2067 1275 2121 castra-

253 2173 314 2234 que
322 2150 453 2215 Antonii
467 2173 538 2215 eum
551 2150 762 2215 recordatione
776 2150 928 2215 maiorum
943 2173 1069 2216 suorum
1082 2151 1172 2215 adiit:
1185 2174 1274 2215 nam-

252 2266 312 2327 que
330 2245 368 2322 ei,
387 2253 422 2309 ut
439 2244 618 2321 memoravi,
637 2245 810 2309 aumeulus
827 2242 1003 2330 Augustus,
1022 2267 1100 2309 avus
1114 2242 1273 2309 Antonius

251 2347 338 2403 erant
362 2361 539 2425 magnaque
564 2338 627 2403 illio
652 2338 757 2424 imago
783 2338 917 2403 tristium
943 2339 1165 2422 laetorumque.
1200 2338 1273 2402 hinc

251 2442 378 2497 ventum
395 2431 554 2510 Athenas,
577 2432 758 2516 foederique
781 2431 884 2497 sociae
902 2441 933 2496 et
954 2440 1096 2497 vetustae
1112 2431 1199 2497 urbis
1219 2432 1274 2496 da·

251 2536 317 2591 tum
339 2539 374 2591 ut
392 2550 454 2591 uno
472 2528 579 2592 lictore
601 2536 752 2605 uteretur;
775 2548 925 2612 excepere
944 2525 1058 2592 Graeci
1080 2526 1274 2609 quaesitissi-

250 2621 309 2686 mis
323 2621 502 2698 honoribus,
521 2632 627 2685 vetera
645 2643 771 2685 suorum
789 2621 873 2685 facta
889 2621 1033 2704 dietaque
1050 2620 1272 2705 praeferentes,

200 2736 232 2783 ot
251 2737 312 2799 quo
330 2715 401 2801 plus
420 2716 608 2800 dignationis
627 2715 763 2780 adulatio
781 2715 918 2781 haberet.
941 2716 1038 2800 petita
1054 2715 1127 2779 inde
1139 2714 1273 2781 Euboea

250 2809 382 2872 tramisit
398 2808 556 2885 Lesbum,
579 2808 634 2873 ubi
655 2808 832 2894 Agrippina
853 2809 1024 2874 novissimo
1044 2818 1137 2894 partu
1158 2809 1272 2874 Iuliam

250 2901 360 2978 edidit;
383 2911 450 2965 tum
467 2911 607 2967 extrema
628 2900 726 2967 Asiae
748 2901 994 2986 Perinthumque
1017 2925 1053 2968 ae
1070 2902 1270 2987 Byzantium,

250 2992 400 3060 Thracias
423 2995 531 3073 urbes,
555 3018 630 3060 mox
651 2995 852 3082 Propontidis
874 2998 1035 3083 angustias
1057 3006 1089 3061 et
1109 3019 1145 3061 oa
1162 2995 1273 3062 Ponti-

250 3111 322 3154 cum
339 3088 446 3166 intrat,
465 3089 610 3174 cupidine
627 3099 748 3156 veteres
765 3090 851 3156 locos
870 3101 901 3155 et
919 3091 1004 3155 fama
1021 3089 1193 3156 celebratos
1216 3112 1272 3154 no-

250 3182 370 3263 scendi3
401 3183 576 3269 pariterque
606 3185 782 3270 provincias
807 3184 936 3250 internis
969 3183 1190 3251 certaminibus
1216 3195 1270 3249 aut

142 3336 144 3339 ,
248 3278 487 3364 magistratuum
507 3279 625 3345 iniuriis
643 3280 745 3345 fessas
762 3279 933 3346 refovebat
956 3289 1048 3364 atque
1065 3280 1154 3344 illum
1171 3281 1205 3344 in
1221 3302 1270 3345 re-

247 3395 360 3458 gressu
374 3395 462 3438 sacra
476 3371 716 3439 Samothracum
729 3374 830 3438 visere
843 3374 993 3439 nitentem
1006 3373 1090 3439 obvii
1107 3374 1269 3457 aquilones

248 3468 413 3553 depulere,
429 3467 526 3554 igitur
547 3471 628 3534 adito
646 3468 712 3534 Ilio
734 3490 875 3552 quaeque
892 3469 936 3534 ibi
958 3467 1105 3533 varietate
1127 3469 1270 3533 fortunae

248 3571 279 3626 et
303 3562 401 3627 nostri
431 3562 549 3648 origine
575 3563 767 3640 veneranda,
801 3562 912 3648 relegit
937 3561 1049 3627 Asiam
1080 3562 1270 3648 adpellitque

248 3655 447 3741 Colophona,
470 3666 505 3720 ut
524 3655 621 3721 Clarii
638 3654 794 3742 Apollinis
817 3656 942 3721 oraculo
964 3664 1115 3733 uteretur;
1137 3678 1203 3722 non
1223 3654 1270 3720 fe-

247 3750 332 3814 mina
348 3749 421 3828 illio,
440 3760 475 3814 ut
490 3751 574 3835 apud
586 3749 740 3836 Delphos,
760 3752 816 3816 sed
833 3750 924 3815 certis
943 3772 960 3814 e
978 3749 1104 3814 familiis
1123 3759 1154 3814 et
1171 3748 1269 3813 ferme

213 3863 214 3866 ’
246 3841 358 3907 Mileto
380 3844 497 3908 accitus
516 3845 661 3910 sacerdos
679 3867 843 3909 numerum
863 3845 957 3910 modo
979 3843 1221 3910 consultantium
1239 3852 1270 3907 et

247 3936 373 4000 nomina
389 3938 490 4017 audit;
509 3947 576 4002 tum
592 3939 625 4002 in
644 3961 772 4025 specum
789 3940 956 4024 degressus
974 3938 1088 4003 hausta
1105 3936 1269 4002 fontis'arss

247 4030 317 4093 oan'i
334 4052 416 4113 aqua
431 4032 559 4119 ignarus
577 4033 760 4118 plerumque
777 4033 948 4097 litterarum
966 4042 997 4097 et
1014 4031 1187 4101 carminum
1205 4030 1269 4094 edit

245 4146 396 4209 responsa
412 4126 555 4194 'versibus
569 4128 747 4212 compositis
762 4149 856 4213 super
872 4126 965 4193 rebus
979 4124 1146 4210 quas-quis
1164 4132 1267 4188 mente
