2760 4874
227 374 289 438 132
573 381 757 438 CORNELII
770 380 903 437 Tncsri

1143 484 1198 515 au.
1208 477 1258 516 718.

225 545 279 629 qui
305 541 460 628 praesenti
486 539 625 625 potentia
650 539 779 607 credunt
807 539 949 625 extingui
968 560 1062 624 posse
1085 540 1183 606 etiam
1207 555 1259 608 se·

225 638 348 720 quentis
370 636 440 700 aevi
462 633 657 710 memoriam3
680 653 754 698 nam
776 643 883 697 contra
899 633 1017 719 punitis
1039 633 1178 720 ingeniis
1196 635 1258 722 gli-

225 732 283 796 scit
305 729 486 806 auctoritas,
508 747 609 810 neque
632 725 717 789 aliud
739 727 857 790 externi
879 748 970 812 reges
991 735 1046 791 aut
1063 728 1119 811 qui
1141 730 1257 793 eadem

225 825 354 889 sacriba
379 823 430 887 usi
455 831 541 898 sunt,
573 820 634 884 nisi
660 820 797 885 dedecus
823 818 884 886 sibi
910 829 1004 904 atque
1029 819 1092 885 illis
1117 820 1256 907 gloriam

223 938 381 1004 peperere

174 1036 204 1082 aa·
288 1010 437 1076 Ceterum
453 1007 650 1094 postulandis
668 1008 729 1072 reis
748 1016 812 1072 tam
834 1007 1000 1074 continuus
1017 1029 1119 1072 annus
1137 958 1208 1073 fuit
1218 1018 1255 1073 ut

223 1106 370 1170 seriarum
395 1104 582 1179 Latinarum
614 1101 725 1169 diebus
755 1102 949 1186 praefectum
978 1100 1064 1183 urbis
1095 1101 1252 1180 Drusum,

224 1197 404 1283 auspicandi
426 1197 528 1283 gratia
549 1195 714 1260 tribunal
706 1217 898 1282 ingressum,
925 1179 1036 1263 adierit
1058 1193 1252 1281 Calpurnius

224 1292 391 1360 Salvianus
409 1291 442 1354 in
461 1288 595 1355 Sextum
611 1287 765 1366 Marium3
783 1290 869 1372 quod
886 1313 906 1354 a
924 1287 1061 1354 Caesare
1077 1289 1187 1374 palam
1204 1289 1252 1354 in·

223 1386 374 1471 crepitum
395 1405 491 1447 causa
512 1382 596 1447 exilii
620 1379 768 1447 Salviano
790 1382 859 1448 suit.
891 1382 1161 1468 obiecta-publice
1186 1381 1251 1468 Cy-

223 1478 337 1544 zicenis
361 1476 480 1541 incuria
502 1475 760 1540 caerimoniarum
782 1476 847 1542 divi
869 1474 1022 1562 Augusti,
1045 1475 1160 1541 additis
1184 1477 1251 1542 vio·

221 1573 334 1637 lentiae
360 1569 540 1635 criminibus
561 1569 729 1635 adversum
752 1571 837 1634 cives
859 1570 1035 1635 Romanos·
1062 1579 1094 1635 et
1115 1570 1249 1637 amisere

222 1665 404 1740 libertatem,
423 1685 518 1746 quam
535 1662 617 1728 bello
635 1663 827 1729 Mithridatis
844 1673 1030 1741 meruerant,
1049 1663 1250 1730 circumsessi
1273 1708 1277 1712 Α

222 1780 280 1822 nec
305 1757 407 1821 minus
435 1779 492 1820 sua
517 1758 692 1822 constantia
713 1778 807 1865 quam
827 1758 984 1843 praesidio
1005 1756 1135 1822 Imculli
1155 1759 1248 1844 pulso

221 1873 305 1937 rege.
327 1860 360 1916 at
376 1849 526 1914 Fonteius
545 1848 669 1934 Capito,
688 1872 743 1934 qu1
733 1848 926 1960 proconsul
943 1849 1056 1924 Asiam
1072 1844 1247 1929 curaverat,

222 1944 406 2022 absolvitur,
426 1952 573 2029 conperto
590 1943 688 2010 ficta
679 1967 711 2008 ιιι
730 1967 802 2009 eum
820 1945 950 2010 crimina
965 1966 1023 2030 per
1039 1943 1171 2031 Vibium
1190 1943 1249 2011 Se·

221 2060 344 2115 renum3
366 2059 468 2121 neque
490 2047 593 2102 tamen
611 2038 645 2101 id
663 2035 782 2104 Sereno
804 2060 906 2103 noxae
928 2038 1001 2116 fuit,
1024 2059 1119 2122 quem
1141 2038 1248 2104 odium

221 2132 381 2218 publicum
399 2131 543 2197 tutiorem
561 2131 709 2209 faciebat3
732 2155 806 2197 nam
823 2141 859 2197 ut
875 2133 945 2217 quis
964 2131 1139 2197 destrictior
1156 2155 1249 2199 accu-

223 2237 320 2306 sator,
338 2227 424 2303 velut
442 2236 657 2292 sacrosanctus
676 2235 755 2294 erat.
773 2227 874 2305 leves,
893 2226 1048 2314 ignobiles
1064 2226 1175 2362 poenis
1193 2228 1249 2292 ad·

222 2322 415 2388 ficiebantur

171 2439 202 2485 37
285 2417 348 2481 Per
364 2417 448 2480 idem
466 2425 589 2503 tempus
603 2417 760 2502 Hispania
777 2415 906 2481 ulterior
921 2415 1027 2482 missis
1045 2414 1086 2479 ad
1104 2424 1249 2480 senatum

221 2511 331 2597 legatis
350 2511 450 2575 oravit
471 2520 506 2574 ut
528 2511 671 2596 exemplo
688 2508 787 2575 Asiae
810 2509 974 2575 delubrum
993 2508 1119 2574 Tiberio
1141 2511 1248 2574 matri-

221 2626 282 2688 que
300 2605 367 2669 eius
391 2613 577 2681 exstrueret3
604 2626 667 2687 qua
688 2604 853 2669 occasione
872 2602 1003 2681 Caesar,
1030 2602 1153 2667 validus
1172 2601 1248 2667 alio-

221 2699 275 2779 qui
293 2697 474 2780 spernendis
492 2697 662 2762 honoribus
686 2707 717 2761 et
733 2697 987 2782 respondendum
1008 2705 1095 2760 ratus
1113 2696 1152 2760 iis
1171 2718 1248 2780 quo-

220 2812 290 2853 rum
307 2811 430 2853 rumore
452 2789 641 2874 arguebatur
662 2791 695 2853 in
712 2790 913 2856 ambitionem
934 2789 1075 2867 flexisse,
1101 2789 1247 2855 huiusce-

220 2882 306 2946 modi
324 2881 495 2945 orationem
513 2877 630 2967 coepit:

255 3038 256 3042 ,
286 2973 391 3053 „Scia
409 2983 513 3058 patres
527 2976 702 3062 conscripti,
721 2979 928 3044 constantiam
942 3000 1045 3042 meam
1057 3001 1076 3042 a
1088 2977 1247 3062 plerisque

221 3069 442 3145 desideratam,
460 3069 545 3152 quod
561 3068 660 3135 Asiae
679 3071 856 3138 civitatibus
873 3094 973 3158 nuper
989 3072 1073 3136 idem
1090 3071 1176 3136 istud
1191 3093 1247 3156 pe-

221 3162 357 3227 tentibus
378 3159 443 3227 non
465 3163 524 3227 sim
550 3165 748 3244 adversatum
775 3174 901 3252 ergoet
922 3166 1034 3250 prioris
1057 3164 1171 3240 silentii
1193 3165 1247 3228 de-

220 3252 408 3334 fensionem,
431 3265 463 3320 et
480 3257 555 3340 quid
572 3258 605 3321 in
626 3258 767 3323 futurum
789 3259 964 3337 statuerim,
987 3258 1080 3323 simul
1097 3258 1244 3343 aperiam.

221 3373 293 3414 cum
306 3351 397 3418 divus
411 3349 578 3436 Augustus
593 3351 653 3416 sibi
666 3361 760 3434 atque
773 3352 843 3416 urbi
855 3353 975 3417 Romae
993 3351 1144 3436 templum
1162 3352 1246 3435 apud

220 3444 412 3531 Pergamum
434 3445 503 3509 sisti
519 3468 582 3510 non
597 3445 822 3529 prohibuisset,
845 3446 899 3529 qui
920 3444 1025 3510 omnia
1046 3445 1132 3517 sacta
1148 3444 1246 3509 dicta·

221 3560 282 3621 que
300 3539 370 3603 ‘eius
397 3538 468 3602 vice
491 3537 570 3624 legis
598 3539 776 3617 observem,
802 3540 952 3625 placitum
977 3539 1041 3603 iam
1067 3539 1246 3624 exemplum

220 3632 393 3717 promptius
408 3641 534 3697 secutus
553 3655 632 3710 sum,
651 3633 725 3716 quia
743 3633 840 3707 cultui
857 3633 1099 3698 meovsneratio
1118 3641 1245 3696 senatus

221 3726 462 3812 adiungebatur:
477 3736 614 3792 ceterum
627 3736 662 3795 ut
675 3727 771 3792 semel
785 3728 940 3813 recepisse
953 3727 1078 3792 veniam
1091 3725 1245 3802 habuerit,

221 3820 265 3884 ita
286 3843 342 3905 per
363 3842 472 3885 omnes
493 3821 670 3906 provincias
692 3820 798 3907 effigie
823 3822 986 3886 numinum
1009 3819 1125 3885 sacrari
1146 3819 1245 3884 ambi-

222 3913 350 3991 tiosum,
379 3913 562 3997 superbum3
590 3924 633 3979 et·
646 3924 794 3980 vanescet
813 3912 956 4001 Augusti
981 3914 1093 3991 honor,
1121 3913 1149 3978 si
1173 3935 1245 3998 pro-

172 4023 204 4073 38
221 4005 327 4074 miscis
346 4006 575 4073 adulationibus
598 4007 752 4093 vulgatur.
780 4030 839 4093 ego
857 4031 921 4085 me,
943 4016 1048 4093 patres
1067 4006 1244 4090 conscripti,

221 4098 389 4167 mortalem·
404 4119 474 4164 esse
497 4107 528 4173 et
549 4099 709 4167 hominum
732 4101 836 4166 officia
855 4102 948 4191 -fungi
970 4100 1107 4182 satisque
1128 4099 1244 4164 habere
