<?xml version="1.0" encoding="UTF-8"?>
<!DOCTYPE html PUBLIC "-//W3C//DTD XHTML 1.0 Transitional//EN"
    "http://www.w3.org/TR/xhtml1/DTD/xhtml1-transitional.dtd">
<html xmlns="http://www.w3.org/1999/xhtml" xml:lang="en" lang="en">
 <head>
  <title>
</title>
<meta http-equiv="Content-Type" content="text/html;charset=utf-8" />
  <meta name='ocr-system' content='tesseract 3.04.00' />
  <meta name='ocr-capabilities' content='ocr_page ocr_carea ocr_par ocr_line ocrx_word'/>
</head>
<body>
  <div class='ocr_page' id='page_1' title='image "./corneliitacitio01haasgoog_0167.png"; bbox 0 0 2760 4874; ppageno 0'>
   <div class='ocr_carea' id='block_1_1' title="bbox 141 383 1374 4197">
    <p class='ocr_par' dir='ltr' id='par_1_1' title="bbox 235 383 911 447">
     <span class='ocr_line' id='line_1_1' title="bbox 235 383 911 447; baseline -0.01 0"><span class='ocrx_word' id='word_1_1' title='bbox 235 383 278 447; x_wconf 84' lang='lat'>90</span> <span class='ocrx_word' id='word_1_2' title='bbox 581 387 763 444; x_wconf 85' lang='lat' dir='ltr'>CORNELII</span> <span class='ocrx_word' id='word_1_3' title='bbox 779 385 911 442; x_wconf 84' lang='lat' dir='ltr'>TAClTI</span> 
     </span>
    </p>

    <p class='ocr_par' dir='ltr' id='par_1_2' title="bbox 214 481 1258 1660">
     <span class='ocr_line' id='line_1_2' title="bbox 1149 481 1255 519; baseline 0.009 -3"><span class='ocrx_word' id='word_1_4' title='bbox 1149 481 1255 519; x_wconf 56' lang='lat' dir='ltr'>aava.</span> 
     </span>
     <span class='ocr_line' id='line_1_3' title="bbox 234 543 1258 631; baseline -0.006 -15"><span class='ocrx_word' id='word_1_5' title='bbox 234 549 400 616; x_wconf 87' lang='lat' dir='ltr'>aCamillo</span> <span class='ocrx_word' id='word_1_6' title='bbox 417 544 596 621; x_wconf 81' lang='lat' dir='ltr'><strong>memoravi,</strong></span> <span class='ocrx_word' id='word_1_7' title='bbox 615 543 731 608; x_wconf 92' lang='lat' dir='ltr'>bellum</span> <span class='ocrx_word' id='word_1_8' title='bbox 749 544 781 607; x_wconf 93' lang='lat' dir='ltr'>in</span> <span class='ocrx_word' id='word_1_9' title='bbox 799 543 910 607; x_wconf 87' lang='lat' dir='ltr'>Africa</span> <span class='ocrx_word' id='word_1_10' title='bbox 926 553 1068 621; x_wconf 86' lang='lat' dir='ltr'>renovat,</span> <span class='ocrx_word' id='word_1_11' title='bbox 1089 546 1177 631; x_wconf 74' lang='lat' dir='ltr'>i&#39;agis</span> <span class='ocrx_word' id='word_1_12' title='bbox 1194 547 1258 630; x_wconf 83' lang='lat' dir='ltr'>pri-</span> 
     </span>
     <span class='ocr_line' id='line_1_4' title="bbox 233 628 1256 727; baseline -0.005 -19"><span class='ocrx_word' id='word_1_13' title='bbox 233 665 317 708; x_wconf 91' lang='lat' dir='ltr'>mum</span> <span class='ocrx_word' id='word_1_14' title='bbox 336 628 588 727; x_wconf 83' lang='lat' dir='ltr'>populationibus</span> <span class='ocrx_word' id='word_1_15' title='bbox 606 647 638 701; x_wconf 90' lang='lat' dir='ltr'>et</span> <span class='ocrx_word' id='word_1_16' title='bbox 655 636 695 702; x_wconf 95' lang='lat' dir='ltr'>ob</span> <span class='ocrx_word' id='word_1_17' title='bbox 712 637 927 724; x_wconf 70' lang='lat' dir='ltr'>pernicitatem</span> <span class='ocrx_word' id='word_1_18' title='bbox 944 637 1060 715; x_wconf 89' lang='lat' dir='ltr'>inultis,</span> <span class='ocrx_word' id='word_1_19' title='bbox 1080 639 1153 702; x_wconf 85' lang='lat' dir='ltr'>dein</span> <span class='ocrx_word' id='word_1_20' title='bbox 1169 640 1256 703; x_wconf 88' lang='lat' dir='ltr'>vicos</span> 
     </span>
     <span class='ocr_line' id='line_1_5' title="bbox 233 731 1257 817; baseline -0.005 -17"><span class='ocrx_word' id='word_1_21' title='bbox 233 736 422 809; x_wconf 83' lang='lat' dir='ltr'>exscindere,</span> <span class='ocrx_word' id='word_1_22' title='bbox 440 732 562 797; x_wconf 87' lang='lat' dir='ltr'>trahere</span> <span class='ocrx_word' id='word_1_23' title='bbox 575 752 687 817; x_wconf 84' lang='lat' dir='ltr'>graves</span> <span class='ocrx_word' id='word_1_24' title='bbox 704 731 837 816; x_wconf 89' lang='lat' dir='ltr'>praedas</span> <span class='ocrx_word' id='word_1_25' title='bbox 843 755 852 809; x_wconf 92' lang='lat'>;</span> <span class='ocrx_word' id='word_1_26' title='bbox 870 739 1028 815; x_wconf 85' lang='lat' dir='ltr'>postremo</span> <span class='ocrx_word' id='word_1_27' title='bbox 1047 731 1131 795; x_wconf 85' lang='lat' dir='ltr'>hand</span> <span class='ocrx_word' id='word_1_28' title='bbox 1148 733 1257 817; x_wconf 90' lang='lat' dir='ltr'>procul</span> 
     </span>
     <span class='ocr_line' id='line_1_6' title="bbox 231 825 1257 916; baseline -0.003 -22"><span class='ocrx_word' id='word_1_29' title='bbox 231 830 364 916; x_wconf 80' lang='lat' dir='ltr'>Pagyda</span> <span class='ocrx_word' id='word_1_30' title='bbox 381 827 508 891; x_wconf 87' lang='lat' dir='ltr'>flumine</span> <span class='ocrx_word' id='word_1_31' title='bbox 522 825 680 890; x_wconf 89' lang='lat' dir='ltr'>eohortem</span> <span class='ocrx_word' id='word_1_32' title='bbox 692 825 868 889; x_wconf 85' lang='lat' dir='ltr'><strong>Romanam</strong></span> <span class='ocrx_word' id='word_1_33' title='bbox 886 825 1093 889; x_wconf 77' lang='lat' dir='ltr'>circumsedit.</span> <span class='ocrx_word' id='word_1_34' title='bbox 1116 838 1257 910; x_wconf 82' lang='lat' dir='ltr'>praeerat</span> 
     </span>
     <span class='ocr_line' id='line_1_7' title="bbox 231 919 1256 1005; baseline -0.003 -18"><span class='ocrx_word' id='word_1_35' title='bbox 231 923 359 988; x_wconf 89' lang='lat' dir='ltr'>castello</span> <span class='ocrx_word' id='word_1_36' title='bbox 376 919 526 996; x_wconf 83' lang='lat' dir='ltr'>Decrius,</span> <span class='ocrx_word' id='word_1_37' title='bbox 545 919 679 1005; x_wconf 86' lang='lat' dir='ltr'>impiger</span> <span class='ocrx_word' id='word_1_38' title='bbox 695 941 805 994; x_wconf 90' lang='lat' dir='ltr'>manu,</span> <span class='ocrx_word' id='word_1_39' title='bbox 824 919 978 983; x_wconf 87' lang='lat' dir='ltr'>exercitus</span> <span class='ocrx_word' id='word_1_40' title='bbox 996 919 1106 984; x_wconf 91' lang='lat' dir='ltr'>militia</span> <span class='ocrx_word' id='word_1_41' title='bbox 1123 930 1154 984; x_wconf 88' lang='lat' dir='ltr'>et</span> <span class='ocrx_word' id='word_1_42' title='bbox 1171 920 1256 985; x_wconf 85' lang='lat' dir='ltr'>illam</span> 
     </span>
     <span class='ocr_line' id='line_1_8' title="bbox 231 1012 1257 1099; baseline -0.003 -18"><span class='ocrx_word' id='word_1_43' title='bbox 231 1016 425 1081; x_wconf 89' lang='lat' dir='ltr'>obsidionem</span> <span class='ocrx_word' id='word_1_44' title='bbox 446 1013 559 1099; x_wconf 90' lang='lat' dir='ltr'>flagitii</span> <span class='ocrx_word' id='word_1_45' title='bbox 577 1022 677 1077; x_wconf 89' lang='lat' dir='ltr'>ratus:</span> <span class='ocrx_word' id='word_1_46' title='bbox 700 1013 727 1076; x_wconf 92' lang='lat' dir='ltr'>is</span> <span class='ocrx_word' id='word_1_47' title='bbox 746 1012 923 1077; x_wconf 82' lang='lat' dir='ltr'>cohortatus</span> <span class='ocrx_word' id='word_1_48' title='bbox 946 1013 1059 1077; x_wconf 87' lang='lat' dir='ltr'>milites</span> <span class='ocrx_word' id='word_1_49' title='bbox 1077 1023 1113 1076; x_wconf 91' lang='lat' dir='ltr'>ut</span> <span class='ocrx_word' id='word_1_50' title='bbox 1135 1015 1257 1099; x_wconf 84' lang='lat' dir='ltr'>copiam</span> 
     </span>
     <span class='ocr_line' id='line_1_9' title="bbox 230 1105 1256 1196; baseline -0.003 -23"><span class='ocrx_word' id='word_1_51' title='bbox 230 1131 355 1196; x_wconf 80' lang='lat' dir='ltr'>pugnae</span> <span class='ocrx_word' id='word_1_52' title='bbox 372 1109 405 1172; x_wconf 91' lang='lat' dir='ltr'>in</span> <span class='ocrx_word' id='word_1_53' title='bbox 422 1117 529 1193; x_wconf 87' lang='lat' dir='ltr'>aperto</span> <span class='ocrx_word' id='word_1_54' title='bbox 547 1106 698 1182; x_wconf 87' lang='lat' dir='ltr'>facerent,</span> <span class='ocrx_word' id='word_1_55' title='bbox 718 1105 816 1170; x_wconf 90' lang='lat' dir='ltr'>aciem</span> <span class='ocrx_word' id='word_1_56' title='bbox 834 1127 890 1189; x_wconf 91' lang='lat' dir='ltr'>pro</span> <span class='ocrx_word' id='word_1_57' title='bbox 908 1106 1018 1170; x_wconf 83' lang='lat' dir='ltr'>castris</span> <span class='ocrx_word' id='word_1_58' title='bbox 1036 1106 1174 1184; x_wconf 89' lang='lat' dir='ltr'>instruit,</span> <span class='ocrx_word' id='word_1_59' title='bbox 1193 1109 1256 1192; x_wconf 87' lang='lat' dir='ltr'>pn&#39;-</span> 
     </span>
     <span class='ocr_line' id='line_1_10' title="bbox 230 1199 1256 1286; baseline -0.003 -19"><span class='ocrx_word' id='word_1_60' title='bbox 230 1225 345 1286; x_wconf 93' lang='lat' dir='ltr'>moque</span> <span class='ocrx_word' id='word_1_61' title='bbox 368 1203 486 1286; x_wconf 90' lang='lat' dir='ltr'>impetu</span> <span class='ocrx_word' id='word_1_62' title='bbox 503 1200 596 1286; x_wconf 91' lang='lat' dir='ltr'>pulsa</span> <span class='ocrx_word' id='word_1_63' title='bbox 610 1199 738 1264; x_wconf 87' lang='lat' dir='ltr'>cohorte</span> <span class='ocrx_word' id='word_1_64' title='bbox 755 1209 918 1284; x_wconf 91' lang='lat' dir='ltr'>promptus</span> <span class='ocrx_word' id='word_1_65' title='bbox 936 1199 1016 1263; x_wconf 91' lang='lat' dir='ltr'>inter</span> <span class='ocrx_word' id='word_1_66' title='bbox 1033 1200 1096 1264; x_wconf 89' lang='lat' dir='ltr'>tela</span> <span class='ocrx_word' id='word_1_67' title='bbox 1112 1212 1256 1264; x_wconf 87' lang='lat' dir='ltr'>occursat</span> 
     </span>
     <span class='ocr_line' id='line_1_11' title="bbox 230 1293 1256 1384; baseline -0.003 -22"><span class='ocrx_word' id='word_1_68' title='bbox 230 1297 434 1384; x_wconf 88' lang='lat' dir='ltr'>fugientibus,</span> <span class='ocrx_word' id='word_1_69' title='bbox 453 1296 597 1379; x_wconf 89' lang='lat' dir='ltr'>increpat·</span> <span class='ocrx_word' id='word_1_70' title='bbox 608 1293 776 1380; x_wconf 84' lang='lat' dir='ltr'>signiferos</span> <span class='ocrx_word' id='word_1_71' title='bbox 794 1294 879 1376; x_wconf 91' lang='lat' dir='ltr'>quod</span> <span class='ocrx_word' id='word_1_72' title='bbox 896 1294 1061 1358; x_wconf 92' lang='lat' dir='ltr'>inconditis</span> <span class='ocrx_word' id='word_1_73' title='bbox 1080 1304 1134 1358; x_wconf 91' lang='lat' dir='ltr'>aut</span> <span class='ocrx_word' id='word_1_74' title='bbox 1151 1295 1256 1359; x_wconf 90' lang='lat' dir='ltr'>deser-</span> 
     </span>
     <span class='ocr_line' id='line_1_12' title="bbox 214 1387 1256 1473; baseline -0.004 -17"><span class='ocrx_word' id='word_1_75' title='bbox 214 1390 349 1456; x_wconf 79' lang='lat' dir='ltr'>&#39;toribus</span> <span class='ocrx_word' id='word_1_76' title='bbox 367 1390 457 1454; x_wconf 90' lang='lat' dir='ltr'>miles</span> <span class='ocrx_word' id='word_1_77' title='bbox 468 1389 633 1473; x_wconf 77' lang='lat' dir='ltr'>Romanus</span> <span class='ocrx_word' id='word_1_78' title='bbox 647 1397 736 1473; x_wconf 87' lang='lat' dir='ltr'>terga</span> <span class='ocrx_word' id='word_1_79' title='bbox 749 1388 850 1464; x_wconf 84' lang='lat' dir='ltr'>daret3</span> <span class='ocrx_word' id='word_1_80' title='bbox 870 1387 962 1451; x_wconf 92' lang='lat' dir='ltr'>simul</span> <span class='ocrx_word' id='word_1_81' title='bbox 980 1397 1111 1473; x_wconf 88' lang='lat' dir='ltr'>excepta</span> <span class='ocrx_word' id='word_1_82' title='bbox 1128 1388 1256 1452; x_wconf 90' lang='lat' dir='ltr'>vulnera</span> 
     </span>
     <span class='ocr_line' id='line_1_13' title="bbox 231 1478 1256 1567; baseline -0.003 -18"><span class='ocrx_word' id='word_1_83' title='bbox 231 1495 270 1561; x_wconf 91' lang='lat' dir='ltr'>et,</span> <span class='ocrx_word' id='word_1_84' title='bbox 290 1478 665 1567; x_wconf 70' lang='lat' dir='ltr'>quamquafflronsfosso</span> <span class='ocrx_word' id='word_1_85' title='bbox 680 1481 779 1557; x_wconf 89' lang='lat' dir='ltr'>oculo,</span> <span class='ocrx_word' id='word_1_86' title='bbox 799 1481 965 1545; x_wconf 86' lang='lat' dir='ltr'>adversum</span> <span class='ocrx_word' id='word_1_87' title='bbox 979 1504 1014 1545; x_wconf 92' lang='lat' dir='ltr'>os</span> <span class='ocrx_word' id='word_1_88' title='bbox 1028 1482 1061 1545; x_wconf 93' lang='lat' dir='ltr'>in</span> <span class='ocrx_word' id='word_1_89' title='bbox 1073 1481 1197 1547; x_wconf 90' lang='lat' dir='ltr'>hostem</span> <span class='ocrx_word' id='word_1_90' title='bbox 1210 1483 1256 1546; x_wconf 93' lang='lat' dir='ltr'>in-</span> 
     </span>
     <span class='ocr_line' id='line_1_14' title="bbox 231 1575 1254 1660; baseline -0.003 -18"><span class='ocrx_word' id='word_1_91' title='bbox 231 1578 329 1642; x_wconf 89' lang='lat' dir='ltr'>tendit</span> <span class='ocrx_word' id='word_1_92' title='bbox 345 1598 447 1660; x_wconf 92' lang='lat' dir='ltr'>neque</span> <span class='ocrx_word' id='word_1_93' title='bbox 464 1575 616 1660; x_wconf 91' lang='lat' dir='ltr'>proelium</span> <span class='ocrx_word' id='word_1_94' title='bbox 630 1575 742 1650; x_wconf 87' lang='lat' dir='ltr'>omisit,</span> <span class='ocrx_word' id='word_1_95' title='bbox 762 1575 860 1639; x_wconf 88' lang='lat' dir='ltr'>donce</span> <span class='ocrx_word' id='word_1_96' title='bbox 877 1575 1018 1640; x_wconf 91' lang='lat' dir='ltr'>desertus</span> <span class='ocrx_word' id='word_1_97' title='bbox 1038 1575 1102 1639; x_wconf 88' lang='lat' dir='ltr'>suis</span> <span class='ocrx_word' id='word_1_98' title='bbox 1121 1576 1254 1640; x_wconf 89' lang='lat' dir='ltr'>caderet.</span> 
     </span>
    </p>

    <p class='ocr_par' dir='ltr' id='par_1_3' title="bbox 181 1667 1339 2224">
     <span class='ocr_line' id='line_1_15' title="bbox 181 1667 1255 1755; baseline -0.002 -20"><span class='ocrx_word' id='word_1_99' title='bbox 181 1696 211 1743; x_wconf 82' lang='lat'>21</span> <span class='ocrx_word' id='word_1_100' title='bbox 296 1671 387 1753; x_wconf 83' lang='lat' dir='ltr'>Quae</span> <span class='ocrx_word' id='word_1_101' title='bbox 404 1682 571 1755; x_wconf 87' lang='lat' dir='ltr'>postquam</span> <span class='ocrx_word' id='word_1_102' title='bbox 584 1669 625 1733; x_wconf 88' lang='lat' dir='ltr'>L.</span> <span class='ocrx_word' id='word_1_103' title='bbox 639 1667 782 1754; x_wconf 87' lang='lat' dir='ltr'>Apronio</span> <span class='ocrx_word' id='word_1_104' title='bbox 800 1707 841 1716; x_wconf 87' lang='lat'><em>-</em></span> <span class='ocrx_word' id='word_1_105' title='bbox 855 1692 928 1732; x_wconf 90' lang='lat' dir='ltr'>nam</span> <span class='ocrx_word' id='word_1_106' title='bbox 942 1668 1076 1733; x_wconf 86' lang='lat' dir='ltr'>Camillo</span> <span class='ocrx_word' id='word_1_107' title='bbox 1095 1691 1255 1735; x_wconf 84' lang='lat' dir='ltr'>successe-</span> 
     </span>
     <span class='ocr_line' id='line_1_16' title="bbox 230 1762 1339 1849; baseline 0 -19"><span class='ocrx_word' id='word_1_108' title='bbox 230 1776 278 1831; x_wconf 89' lang='lat' dir='ltr'>rat</span> <span class='ocrx_word' id='word_1_109' title='bbox 285 1804 324 1814; x_wconf 43' lang='grc' dir='ltr'>-ι</span> <span class='ocrx_word' id='word_1_110' title='bbox 331 1773 498 1848; x_wconf 90' lang='lat' dir='ltr'>comperta,</span> <span class='ocrx_word' id='word_1_111' title='bbox 513 1763 615 1849; x_wconf 89' lang='lat' dir='ltr'>magis</span> <span class='ocrx_word' id='word_1_112' title='bbox 624 1763 664 1826; x_wconf 92' lang='lat' dir='ltr'>de</span> <span class='ocrx_word' id='word_1_113' title='bbox 674 1764 786 1826; x_wconf 89' lang='lat' dir='ltr'>decore</span> <span class='ocrx_word' id='word_1_114' title='bbox 796 1784 924 1826; x_wconf 90' lang='lat' dir='ltr'>suorum</span> <span class='ocrx_word' id='word_1_115' title='bbox 937 1785 1031 1845; x_wconf 88' lang='lat' dir='ltr'>quam</span> <span class='ocrx_word' id='word_1_116' title='bbox 1044 1762 1144 1848; x_wconf 88' lang='lat' dir='ltr'>gloria</span> <span class='ocrx_word' id='word_1_117' title='bbox 1156 1762 1255 1828; x_wconf 91' lang='lat' dir='ltr'>hostis</span> <span class='ocrx_word' id='word_1_118' title='bbox 1338 1827 1339 1830; x_wconf 74' lang='grc'>,</span> 
     </span>
     <span class='ocr_line' id='line_1_17' title="bbox 231 1856 1255 1942; baseline -0.003 -18"><span class='ocrx_word' id='word_1_119' title='bbox 231 1860 356 1936; x_wconf 86' lang='lat' dir='ltr'>anxius,</span> <span class='ocrx_word' id='word_1_120' title='bbox 380 1880 449 1922; x_wconf 88' lang='lat' dir='ltr'>raro</span> <span class='ocrx_word' id='word_1_121' title='bbox 472 1880 509 1921; x_wconf 92' lang='lat' dir='ltr'>ea</span> <span class='ocrx_word' id='word_1_122' title='bbox 530 1865 715 1942; x_wconf 91' lang='lat' dir='ltr'>tempestate</span> <span class='ocrx_word' id='word_1_123' title='bbox 738 1866 768 1920; x_wconf 95' lang='lat' dir='ltr'>et</span> <span class='ocrx_word' id='word_1_124' title='bbox 787 1879 804 1921; x_wconf 91' lang='lat' dir='ltr'>e</span> <span class='ocrx_word' id='word_1_125' title='bbox 822 1865 926 1942; x_wconf 77' lang='lat' dir='ltr'>vetere</span> <span class='ocrx_word' id='word_1_126' title='bbox 948 1857 1097 1921; x_wconf 88' lang='lat' dir='ltr'>memoria</span> <span class='ocrx_word' id='word_1_127' title='bbox 1118 1856 1255 1921; x_wconf 87' lang='lat' dir='ltr'>facinore</span> 
     </span>
     <span class='ocr_line' id='line_1_18' title="bbox 231 1950 1254 2037; baseline -0.003 -19"><span class='ocrx_word' id='word_1_128' title='bbox 231 1955 399 2018; x_wconf 91' lang='lat' dir='ltr'>decumum</span> <span class='ocrx_word' id='word_1_129' title='bbox 428 1974 583 2036; x_wconf 88' lang='lat' dir='ltr'>quemque</span> <span class='ocrx_word' id='word_1_130' title='bbox 614 1951 841 2037; x_wconf 91' lang='lat' dir='ltr'>ignominiosae</span> <span class='ocrx_word' id='word_1_131' title='bbox 872 1950 1007 2015; x_wconf 88' lang='lat' dir='ltr'>cohortis</span> <span class='ocrx_word' id='word_1_132' title='bbox 1034 1961 1117 2016; x_wconf 91' lang='lat' dir='ltr'>sorte</span> <span class='ocrx_word' id='word_1_133' title='bbox 1144 1951 1254 2018; x_wconf 89' lang='lat' dir='ltr'>ductos</span> 
     </span>
     <span class='ocr_line' id='line_1_19' title="bbox 231 2043 1254 2129; baseline -0.003 -18"><span class='ocrx_word' id='word_1_134' title='bbox 231 2047 308 2112; x_wconf 89' lang='lat' dir='ltr'>fusti</span> <span class='ocrx_word' id='word_1_135' title='bbox 329 2054 433 2111; x_wconf 86' lang='lat' dir='ltr'>necat:</span> <span class='ocrx_word' id='word_1_136' title='bbox 460 2055 642 2129; x_wconf 90' lang='lat' dir='ltr'>tantumque</span> <span class='ocrx_word' id='word_1_137' title='bbox 666 2045 830 2109; x_wconf 83' lang='lat' dir='ltr'>severitate</span> <span class='ocrx_word' id='word_1_138' title='bbox 851 2043 1025 2128; x_wconf 91' lang='lat' dir='ltr'>profectum</span> <span class='ocrx_word' id='word_1_139' title='bbox 1050 2054 1084 2108; x_wconf 93' lang='lat' dir='ltr'>ut</span> <span class='ocrx_word' id='word_1_140' title='bbox 1106 2045 1254 2108; x_wconf 85' lang='lat' dir='ltr'>vexillum</span> 
     </span>
     <span class='ocr_line' id='line_1_20' title="bbox 231 2133 1255 2224; baseline -0.002 -18"><span class='ocrx_word' id='word_1_141' title='bbox 231 2151 456 2216; x_wconf 89' lang='lat' dir='ltr'>veteranorum,</span> <span class='ocrx_word' id='word_1_142' title='bbox 475 2162 539 2204; x_wconf 92' lang='lat' dir='ltr'>non</span> <span class='ocrx_word' id='word_1_143' title='bbox 553 2139 685 2224; x_wconf 89' lang='lat' dir='ltr'>amplius</span> <span class='ocrx_word' id='word_1_144' title='bbox 700 2139 862 2224; x_wconf 88' lang='lat' dir='ltr'>quingenti</span> <span class='ocrx_word' id='word_1_145' title='bbox 874 2161 1014 2216; x_wconf 91' lang='lat' dir='ltr'>numero,</span> <span class='ocrx_word' id='word_1_146' title='bbox 1033 2133 1160 2204; x_wconf 86' lang='lat' dir='ltr'>easdem</span> <span class='ocrx_word' id='word_1_147' title='bbox 1173 2139 1255 2204; x_wconf 85' lang='lat' dir='ltr'>Tac-</span> 
     </span>
    </p>

    <p class='ocr_par' dir='ltr' id='par_1_4' title="bbox 141 2232 1374 2788">
     <span class='ocr_line' id='line_1_21' title="bbox 141 2232 1254 2319; baseline -0.002 -19"><span class='ocrx_word' id='word_1_148' title='bbox 141 2308 143 2313; x_wconf 19' lang='lat'>,</span> <span class='ocrx_word' id='word_1_149' title='bbox 230 2235 372 2301; x_wconf 89' lang='lat' dir='ltr'>farinatis</span> <span class='ocrx_word' id='word_1_150' title='bbox 395 2234 516 2318; x_wconf 87' lang='lat' dir='ltr'>copias,</span> <span class='ocrx_word' id='word_1_151' title='bbox 537 2234 729 2319; x_wconf 88' lang='lat' dir='ltr'>praesidium</span> <span class='ocrx_word' id='word_1_152' title='bbox 751 2233 802 2296; x_wconf 86' lang='lat' dir='ltr'>cui</span> <span class='ocrx_word' id='word_1_153' title='bbox 820 2232 921 2296; x_wconf 84' lang='lat' dir='ltr'>Thala</span> <span class='ocrx_word' id='word_1_154' title='bbox 942 2255 1056 2297; x_wconf 90' lang='lat' dir='ltr'>nomen</span> <span class='ocrx_word' id='word_1_155' title='bbox 1077 2234 1254 2319; x_wconf 88' lang='lat' dir='ltr'>adgressas,</span> 
     </span>
     <span class='ocr_line' id='line_1_22' title="bbox 230 2325 1256 2412; baseline -0.004 -18"><span class='ocrx_word' id='word_1_156' title='bbox 230 2328 367 2394; x_wconf 92' lang='lat' dir='ltr'>fuderint</span> <span class='ocrx_word' id='word_1_157' title='bbox 372 2353 380 2406; x_wconf 93' lang='lat'>;</span> <span class='ocrx_word' id='word_1_158' title='bbox 395 2350 462 2412; x_wconf 63' lang='lat' dir='ltr'>rquo</span> <span class='ocrx_word' id='word_1_159' title='bbox 478 2327 596 2412; x_wconf 90' lang='lat' dir='ltr'>proelio</span> <span class='ocrx_word' id='word_1_160' title='bbox 609 2326 714 2391; x_wconf 87' lang='lat' dir='ltr'>Rufus</span> <span class='ocrx_word' id='word_1_161' title='bbox 728 2325 872 2403; x_wconf 90' lang='lat' dir='ltr'>Helvius,</span> <span class='ocrx_word' id='word_1_162' title='bbox 892 2327 1054 2412; x_wconf 86' lang='lat' dir='ltr'>gregarius</span> <span class='ocrx_word' id='word_1_163' title='bbox 1072 2328 1172 2405; x_wconf 92' lang='lat' dir='ltr'>miles,</span> <span class='ocrx_word' id='word_1_164' title='bbox 1192 2349 1256 2391; x_wconf 88' lang='lat' dir='ltr'>ser-</span> 
     </span>
     <span class='ocr_line' id='line_1_23' title="bbox 230 2418 1374 2506; baseline 0.002 -19"><span class='ocrx_word' id='word_1_165' title='bbox 230 2423 294 2487; x_wconf 88' lang='lat' dir='ltr'>vati</span> <span class='ocrx_word' id='word_1_166' title='bbox 316 2423 393 2487; x_wconf 74' lang='lat' dir='ltr'>civis</span> <span class='ocrx_word' id='word_1_167' title='bbox 416 2423 511 2486; x_wconf 89' lang='lat' dir='ltr'>decus</span> <span class='ocrx_word' id='word_1_168' title='bbox 533 2420 653 2485; x_wconf 88' lang='lat' dir='ltr'>rettulit</span> <span class='ocrx_word' id='word_1_169' title='bbox 678 2421 873 2503; x_wconf 89' lang='lat' dir='ltr'>donatusque</span> <span class='ocrx_word' id='word_1_170' title='bbox 896 2431 945 2485; x_wconf 90' lang='lat' dir='ltr'>est</span> <span class='ocrx_word' id='word_1_171' title='bbox 966 2421 1006 2486; x_wconf 87' lang='lat' dir='ltr'>ab</span> <span class='ocrx_word' id='word_1_172' title='bbox 1028 2419 1172 2506; x_wconf 87' lang='lat' dir='ltr'>Apronio</span> <span class='ocrx_word' id='word_1_173' title='bbox 1193 2418 1256 2485; x_wconf 65' lang='lat' dir='ltr'>torss</span> <span class='ocrx_word' id='word_1_174' title='bbox 1373 2486 1374 2489; x_wconf 74' lang='grc'>,</span> 
     </span>
     <span class='ocr_line' id='line_1_24' title="bbox 230 2514 1255 2602; baseline -0.002 -22"><span class='ocrx_word' id='word_1_175' title='bbox 230 2517 344 2602; x_wconf 89' lang='lat' dir='ltr'>quibus</span> <span class='ocrx_word' id='word_1_176' title='bbox 368 2528 398 2581; x_wconf 90' lang='lat' dir='ltr'>ct</span> <span class='ocrx_word' id='word_1_177' title='bbox 419 2516 527 2581; x_wconf 75' lang='lat' dir='ltr'>hasta:</span> <span class='ocrx_word' id='word_1_178' title='bbox 552 2514 671 2580; x_wconf 89' lang='lat' dir='ltr'>Caesar</span> <span class='ocrx_word' id='word_1_179' title='bbox 692 2514 811 2579; x_wconf 87' lang='lat' dir='ltr'>addidit</span> <span class='ocrx_word' id='word_1_180' title='bbox 834 2515 964 2579; x_wconf 87' lang='lat' dir='ltr'>civicam</span> <span class='ocrx_word' id='word_1_181' title='bbox 987 2537 1147 2593; x_wconf 89' lang='lat' dir='ltr'>coronam,</span> <span class='ocrx_word' id='word_1_182' title='bbox 1161 2516 1255 2598; x_wconf 62' lang='lat' dir='ltr'>vquod</span> 
     </span>
     <span class='ocr_line' id='line_1_25' title="bbox 229 2608 1254 2694; baseline -0.002 -20"><span class='ocrx_word' id='word_1_183' title='bbox 229 2634 293 2675; x_wconf 91' lang='lat' dir='ltr'>non</span> <span class='ocrx_word' id='word_1_184' title='bbox 319 2633 388 2675; x_wconf 87' lang='lat' dir='ltr'>eam</span> <span class='ocrx_word' id='word_1_185' title='bbox 419 2632 542 2693; x_wconf 88' lang='lat' dir='ltr'>quoque</span> <span class='ocrx_word' id='word_1_186' title='bbox 569 2608 731 2694; x_wconf 83' lang='lat' dir='ltr'>Apronius</span> <span class='ocrx_word' id='word_1_187' title='bbox 762 2609 829 2673; x_wconf 90' lang='lat' dir='ltr'>iure</span> <span class='ocrx_word' id='word_1_188' title='bbox 859 2610 1054 2694; x_wconf 90' lang='lat' dir='ltr'>proconsulis</span> <span class='ocrx_word' id='word_1_189' title='bbox 1086 2609 1254 2684; x_wconf 88' lang='lat' dir='ltr'>tribuisset,</span> 
     </span>
     <span class='ocr_line' id='line_1_26' title="bbox 218 2702 1254 2788; baseline 0 -22"><span class='ocrx_word' id='word_1_190' title='bbox 218 2712 360 2785; x_wconf 72' lang='lat' dir='ltr'>&#39;questus</span> <span class='ocrx_word' id='word_1_191' title='bbox 385 2704 486 2788; x_wconf 88' lang='lat' dir='ltr'>magis</span> <span class='ocrx_word' id='word_1_192' title='bbox 510 2725 605 2784; x_wconf 90' lang='lat' dir='ltr'>quam</span> <span class='ocrx_word' id='word_1_193' title='bbox 632 2703 782 2768; x_wconf 84' lang='lat' dir='ltr'>offensus.</span> <span class='ocrx_word' id='word_1_194' title='bbox 815 2704 871 2767; x_wconf 89' lang='lat' dir='ltr'>sed</span> <span class='ocrx_word' id='word_1_195' title='bbox 894 2703 1077 2768; x_wconf 80' lang='lat' dir='ltr'>Tacfarinas</span> <span class='ocrx_word' id='word_1_196' title='bbox 1103 2702 1254 2788; x_wconf 89' lang='lat' dir='ltr'>perculsis</span> 
     </span>
    </p>

    <p class='ocr_par' dir='ltr' id='par_1_5' title="bbox 148 2789 1324 3537">
     <span class='ocr_line' id='line_1_27' title="bbox 148 2789 1255 2882; baseline 0 -22"><span class='ocrx_word' id='word_1_197' title='bbox 148 2789 153 2797; x_wconf 77' lang='grc'><strong>’</strong></span> <span class='ocrx_word' id='word_1_198' title='bbox 229 2796 373 2860; x_wconf 91' lang='lat' dir='ltr'>Numidis</span> <span class='ocrx_word' id='word_1_199' title='bbox 389 2806 423 2859; x_wconf 88' lang='lat' dir='ltr'>et</span> <span class='ocrx_word' id='word_1_200' title='bbox 440 2795 562 2860; x_wconf 89' lang='lat' dir='ltr'>obsidia</span> <span class='ocrx_word' id='word_1_201' title='bbox 584 2797 822 2880; x_wconf 89' lang='lat' dir='ltr'>aspernantibus</span> <span class='ocrx_word' id='word_1_202' title='bbox 841 2797 960 2882; x_wconf 80' lang='lat' dir='ltr'>spargit</span> <span class='ocrx_word' id='word_1_203' title='bbox 981 2796 1113 2874; x_wconf 89' lang='lat' dir='ltr'>bellum,</span> <span class='ocrx_word' id='word_1_204' title='bbox 1136 2797 1192 2862; x_wconf 95' lang='lat' dir='ltr'>ubi</span> <span class='ocrx_word' id='word_1_205' title='bbox 1208 2797 1255 2860; x_wconf 82' lang='lat' dir='ltr'>in·</span> 
     </span>
     <span class='ocr_line' id='line_1_28' title="bbox 234 2889 1255 2976; baseline 0 -22"><span class='ocrx_word' id='word_1_206' title='bbox 234 2898 376 2964; x_wconf 87' lang='lat' dir='ltr'>staretur,</span> <span class='ocrx_word' id='word_1_207' title='bbox 400 2889 513 2953; x_wconf 86' lang='lat' dir='ltr'>cedens</span> <span class='ocrx_word' id='word_1_208' title='bbox 532 2910 569 2953; x_wconf 87' lang='lat' dir='ltr'>ao</span> <span class='ocrx_word' id='word_1_209' title='bbox 586 2912 710 2953; x_wconf 89' lang='lat' dir='ltr'>rursum</span> <span class='ocrx_word' id='word_1_210' title='bbox 731 2891 765 2954; x_wconf 91' lang='lat' dir='ltr'>in</span> <span class='ocrx_word' id='word_1_211' title='bbox 783 2900 871 2976; x_wconf 90' lang='lat' dir='ltr'>terga</span> <span class='ocrx_word' id='word_1_212' title='bbox 892 2913 1049 2969; x_wconf 83' lang='lat' dir='ltr'>remeans3</span> <span class='ocrx_word' id='word_1_213' title='bbox 1072 2900 1103 2957; x_wconf 92' lang='lat' dir='ltr'>et</span> <span class='ocrx_word' id='word_1_214' title='bbox 1125 2892 1255 2954; x_wconf 88' lang='lat' dir='ltr'>dumea</span> 
     </span>
     <span class='ocr_line' id='line_1_29' title="bbox 229 2981 1254 3070; baseline 0.002 -24"><span class='ocrx_word' id='word_1_215' title='bbox 229 2983 307 3046; x_wconf 87' lang='lat' dir='ltr'>ratio</span> <span class='ocrx_word' id='word_1_216' title='bbox 330 2981 462 3053; x_wconf 85' lang='lat' dir='ltr'>barbaro</span> <span class='ocrx_word' id='word_1_217' title='bbox 484 2982 557 3059; x_wconf 92' lang='lat' dir='ltr'>fuit,</span> <span class='ocrx_word' id='word_1_218' title='bbox 581 2983 707 3047; x_wconf 82' lang='lat' dir='ltr'>inritum</span> <span class='ocrx_word' id='word_1_219' title='bbox 729 2984 910 3068; x_wconf 89' lang='lat' dir='ltr'>fessumque</span> <span class='ocrx_word' id='word_1_220' title='bbox 927 2984 1106 3049; x_wconf 88' lang='lat' dir='ltr'>Romanum</span> <span class='ocrx_word' id='word_1_221' title='bbox 1127 2985 1254 3070; x_wconf 91' lang='lat' dir='ltr'>impune</span> 
     </span>
     <span class='ocr_line' id='line_1_30' title="bbox 224 3068 1254 3160; baseline 0.004 -23"><span class='ocrx_word' id='word_1_222' title='bbox 224 3068 460 3140; x_wconf 86' lang='lat' dir='ltr'>ludificabatur:</span> <span class='ocrx_word' id='word_1_223' title='bbox 491 3085 657 3160; x_wconf 90' lang='lat' dir='ltr'>postquam</span> <span class='ocrx_word' id='word_1_224' title='bbox 684 3078 811 3142; x_wconf 87' lang='lat' dir='ltr'>deflexit</span> <span class='ocrx_word' id='word_1_225' title='bbox 841 3079 882 3142; x_wconf 91' lang='lat' dir='ltr'>ad</span> <span class='ocrx_word' id='word_1_226' title='bbox 912 3079 1083 3143; x_wconf 90' lang='lat' dir='ltr'>maritimos</span> <span class='ocrx_word' id='word_1_227' title='bbox 1114 3079 1199 3143; x_wconf 90' lang='lat' dir='ltr'>locos</span> <span class='ocrx_word' id='word_1_228' title='bbox 1226 3090 1254 3142; x_wconf 83' lang='lat' dir='ltr'>et</span> 
     </span>
     <span class='ocr_line' id='line_1_31' title="bbox 229 3169 1253 3257; baseline 0.004 -25"><span class='ocrx_word' id='word_1_229' title='bbox 229 3169 377 3255; x_wconf 88' lang='lat' dir='ltr'>inligatus</span> <span class='ocrx_word' id='word_1_230' title='bbox 399 3170 516 3254; x_wconf 89' lang='lat' dir='ltr'>praeda</span> <span class='ocrx_word' id='word_1_231' title='bbox 535 3172 655 3236; x_wconf 85' lang='lat' dir='ltr'>stativis</span> <span class='ocrx_word' id='word_1_232' title='bbox 679 3172 788 3237; x_wconf 88' lang='lat' dir='ltr'>eastris</span> <span class='ocrx_word' id='word_1_233' title='bbox 811 3172 1013 3250; x_wconf 88' lang='lat' dir='ltr'>adhaerebat,</span> <span class='ocrx_word' id='word_1_234' title='bbox 1036 3173 1136 3237; x_wconf 92' lang='lat' dir='ltr'>missu</span> <span class='ocrx_word' id='word_1_235' title='bbox 1156 3172 1253 3257; x_wconf 87' lang='lat' dir='ltr'>patris</span> 
     </span>
     <span class='ocr_line' id='line_1_32' title="bbox 229 3261 1324 3348; baseline 0.003 -22"><span class='ocrx_word' id='word_1_236' title='bbox 229 3261 389 3348; x_wconf 90' lang='lat' dir='ltr'>Apronius</span> <span class='ocrx_word' id='word_1_237' title='bbox 410 3262 583 3328; x_wconf 84' lang='lat' dir='ltr'>Caesianus</span> <span class='ocrx_word' id='word_1_238' title='bbox 607 3287 679 3329; x_wconf 90' lang='lat' dir='ltr'>cum</span> <span class='ocrx_word' id='word_1_239' title='bbox 696 3265 800 3348; x_wconf 90' lang='lat' dir='ltr'>equite</span> <span class='ocrx_word' id='word_1_240' title='bbox 823 3275 854 3329; x_wconf 87' lang='lat' dir='ltr'>et</span> <span class='ocrx_word' id='word_1_241' title='bbox 872 3265 1050 3330; x_wconf 89' lang='lat' dir='ltr'>cohortibus</span> <span class='ocrx_word' id='word_1_242' title='bbox 1073 3265 1252 3341; x_wconf 86' lang='lat' dir='ltr'>auxiliariis,</span> <span class='ocrx_word' id='word_1_243' title='bbox 1320 3304 1324 3309; x_wconf 96' lang='lat'>-</span> 
     </span>
     <span class='ocr_line' id='line_1_33' title="bbox 229 3356 1254 3444; baseline 0.002 -24"><span class='ocrx_word' id='word_1_244' title='bbox 229 3356 299 3440; x_wconf 91' lang='lat' dir='ltr'>quis</span> <span class='ocrx_word' id='word_1_245' title='bbox 322 3357 535 3422; x_wconf 90' lang='lat' dir='ltr'>velocissimos</span> <span class='ocrx_word' id='word_1_246' title='bbox 557 3358 715 3443; x_wconf 90' lang='lat' dir='ltr'>legionum</span> <span class='ocrx_word' id='word_1_247' title='bbox 738 3358 913 3436; x_wconf 89' lang='lat' dir='ltr'>addiderat,</span> <span class='ocrx_word' id='word_1_248' title='bbox 939 3377 1123 3444; x_wconf 88' lang='lat' dir='ltr'>prosperam</span> <span class='ocrx_word' id='word_1_249' title='bbox 1145 3359 1254 3423; x_wconf 90' lang='lat' dir='ltr'>adver-</span> 
     </span>
     <span class='ocr_line' id='line_1_34' title="bbox 230 3450 1082 3537; baseline 0.001 -22"><span class='ocrx_word' id='word_1_250' title='bbox 230 3474 300 3515; x_wconf 94' lang='lat' dir='ltr'>sum</span> <span class='ocrx_word' id='word_1_251' title='bbox 317 3450 469 3515; x_wconf 88' lang='lat' dir='ltr'>Numidas</span> <span class='ocrx_word' id='word_1_252' title='bbox 486 3462 626 3536; x_wconf 85' lang='lat' dir='ltr'>pugnam</span> <span class='ocrx_word' id='word_1_253' title='bbox 643 3451 725 3516; x_wconf 48' lang='lat' dir='ltr'>facit¹</span> <span class='ocrx_word' id='word_1_254' title='bbox 735 3452 883 3536; x_wconf 89' lang='lat' dir='ltr'>pellitque</span> <span class='ocrx_word' id='word_1_255' title='bbox 900 3453 933 3516; x_wconf 92' lang='lat' dir='ltr'>in</span> <span class='ocrx_word' id='word_1_256' title='bbox 950 3453 1082 3537; x_wconf 87' lang='lat' dir='ltr'>deserta.</span> 
     </span>
    </p>

    <p class='ocr_par' dir='ltr' id='par_1_6' title="bbox 179 3543 1254 4100">
     <span class='ocr_line' id='line_1_35' title="bbox 179 3543 1253 3631; baseline -0.002 -19"><span class='ocrx_word' id='word_1_257' title='bbox 179 3565 211 3612; x_wconf 80' lang='lat'>22</span> <span class='ocrx_word' id='word_1_258' title='bbox 292 3543 339 3608; x_wconf 91' lang='lat' dir='ltr'>At</span> <span class='ocrx_word' id='word_1_259' title='bbox 360 3544 480 3608; x_wconf 85' lang='lat' dir='ltr'>Rornae</span> <span class='ocrx_word' id='word_1_260' title='bbox 502 3546 640 3629; x_wconf 79' lang='lat' dir='ltr'>Lepida,</span> <span class='ocrx_word' id='word_1_261' title='bbox 668 3546 719 3610; x_wconf 93' lang='lat' dir='ltr'>cui</span> <span class='ocrx_word' id='word_1_262' title='bbox 744 3568 839 3631; x_wconf 88' lang='lat' dir='ltr'>super</span> <span class='ocrx_word' id='word_1_263' title='bbox 859 3545 1066 3611; x_wconf 90' lang='lat' dir='ltr'>Aemiliorum</span> <span class='ocrx_word' id='word_1_264' title='bbox 1092 3547 1188 3610; x_wconf 88' lang='lat' dir='ltr'>decus</span> <span class='ocrx_word' id='word_1_265' title='bbox 1211 3546 1253 3610; x_wconf 70' lang='lat' dir='ltr'>Ia</span> 
     </span>
     <span class='ocr_line' id='line_1_36' title="bbox 231 3637 1254 3725; baseline 0.001 -22"><span class='ocrx_word' id='word_1_266' title='bbox 231 3637 321 3703; x_wconf 83' lang='lat' dir='ltr'>Sulla</span> <span class='ocrx_word' id='word_1_267' title='bbox 338 3648 369 3702; x_wconf 92' lang='lat' dir='ltr'>et</span> <span class='ocrx_word' id='word_1_268' title='bbox 387 3637 446 3703; x_wconf 90' lang='lat' dir='ltr'>Cn.</span> <span class='ocrx_word' id='word_1_269' title='bbox 465 3637 636 3723; x_wconf 91' lang='lat' dir='ltr'>Pompeius</span> <span class='ocrx_word' id='word_1_270' title='bbox 653 3640 762 3725; x_wconf 89' lang='lat' dir='ltr'>proavi</span> <span class='ocrx_word' id='word_1_271' title='bbox 781 3649 881 3719; x_wconf 87' lang='lat' dir='ltr'>erant,</span> <span class='ocrx_word' id='word_1_272' title='bbox 901 3640 1039 3705; x_wconf 85' lang='lat' dir='ltr'>defertur</span> <span class='ocrx_word' id='word_1_273' title='bbox 1056 3640 1254 3704; x_wconf 84' lang='lat' dir='ltr'>simulavisse</span> 
     </span>
     <span class='ocr_line' id='line_1_37' title="bbox 229 3731 1254 3818; baseline 0.001 -22"><span class='ocrx_word' id='word_1_274' title='bbox 229 3742 349 3816; x_wconf 89' lang='lat' dir='ltr'>partum</span> <span class='ocrx_word' id='word_1_275' title='bbox 372 3754 412 3796; x_wconf 86' lang='lat' dir='ltr'>ex</span> <span class='ocrx_word' id='word_1_276' title='bbox 433 3731 470 3796; x_wconf 93' lang='lat' dir='ltr'>P.</span> <span class='ocrx_word' id='word_1_277' title='bbox 495 3732 653 3814; x_wconf 83' lang='lat' dir='ltr'>Quirinio,</span> <span class='ocrx_word' id='word_1_278' title='bbox 681 3735 776 3798; x_wconf 86' lang='lat' dir='ltr'>divite</span> <span class='ocrx_word' id='word_1_279' title='bbox 803 3745 896 3818; x_wconf 89' lang='lat' dir='ltr'>atque</span> <span class='ocrx_word' id='word_1_280' title='bbox 922 3734 1014 3812; x_wconf 88' lang='lat' dir='ltr'>orbo;</span> <span class='ocrx_word' id='word_1_281' title='bbox 1041 3733 1254 3798; x_wconf 89' lang='lat' dir='ltr'>adiciebantur</span> 
     </span>
     <span class='ocr_line' id='line_1_38' title="bbox 230 3825 1254 3915; baseline 0.002 -27"><span class='ocrx_word' id='word_1_282' title='bbox 230 3825 394 3903; x_wconf 90' lang='lat' dir='ltr'>adulteria,</span> <span class='ocrx_word' id='word_1_283' title='bbox 413 3848 534 3891; x_wconf 89' lang='lat' dir='ltr'>venena</span> <span class='ocrx_word' id='word_1_284' title='bbox 550 3828 788 3911; x_wconf 90' lang='lat' dir='ltr'>quaesitumque</span> <span class='ocrx_word' id='word_1_285' title='bbox 805 3851 862 3915; x_wconf 92' lang='lat' dir='ltr'>per</span> <span class='ocrx_word' id='word_1_286' title='bbox 881 3827 1057 3894; x_wconf 84' lang='lat' dir='ltr'>Chaldaeos</span> <span class='ocrx_word' id='word_1_287' title='bbox 1075 3829 1109 3892; x_wconf 91' lang='lat' dir='ltr'>in</span> <span class='ocrx_word' id='word_1_288' title='bbox 1126 3829 1254 3892; x_wconf 90' lang='lat' dir='ltr'>domum</span> 
     </span>
     <span class='ocr_line' id='line_1_39' title="bbox 231 3918 1253 4008; baseline 0.001 -25"><span class='ocrx_word' id='word_1_289' title='bbox 231 3918 386 3997; x_wconf 83' lang='lat' dir='ltr'>Caesaris,</span> <span class='ocrx_word' id='word_1_290' title='bbox 401 3920 587 3985; x_wconf 85' lang='lat' dir='ltr'>defendente</span> <span class='ocrx_word' id='word_1_291' title='bbox 600 3944 685 3986; x_wconf 92' lang='lat' dir='ltr'>ream</span> <span class='ocrx_word' id='word_1_292' title='bbox 700 3922 809 3987; x_wconf 87' lang='lat' dir='ltr'>Manio</span> <span class='ocrx_word' id='word_1_293' title='bbox 823 3922 947 4008; x_wconf 87' lang='lat' dir='ltr'>Lepido</span> <span class='ocrx_word' id='word_1_294' title='bbox 962 3923 1071 4000; x_wconf 86' lang='lat' dir='ltr'>fratre3</span> <span class='ocrx_word' id='word_1_295' title='bbox 1091 3921 1253 4004; x_wconf 83' lang='lat' dir='ltr'>Quirinius</span> 
     </span>
     <span class='ocr_line' id='line_1_40' title="bbox 229 4012 1254 4100; baseline 0.002 -25"><span class='ocrx_word' id='word_1_296' title='bbox 229 4022 300 4098; x_wconf 87' lang='lat' dir='ltr'>post</span> <span class='ocrx_word' id='word_1_297' title='bbox 318 4012 434 4077; x_wconf 91' lang='lat' dir='ltr'>dictum</span> <span class='ocrx_word' id='word_1_298' title='bbox 452 4016 616 4100; x_wconf 90' lang='lat' dir='ltr'>repudium</span> <span class='ocrx_word' id='word_1_299' title='bbox 634 4016 735 4080; x_wconf 88' lang='lat' dir='ltr'>adhuc</span> <span class='ocrx_word' id='word_1_300' title='bbox 753 4016 914 4095; x_wconf 85' lang='lat' dir='ltr'>infensus,</span> <span class='ocrx_word' id='word_1_301' title='bbox 927 4017 1071 4100; x_wconf 87' lang='lat' dir='ltr'>quamvis</span> <span class='ocrx_word' id='word_1_302' title='bbox 1088 4015 1200 4080; x_wconf 90' lang='lat' dir='ltr'>infami</span> <span class='ocrx_word' id='word_1_303' title='bbox 1217 4035 1254 4078; x_wconf 88' lang='lat' dir='ltr'>ac</span> 
     </span>
    </p>

    <p class='ocr_par' dir='ltr' id='par_1_7' title="bbox 181 4106 1252 4197">
     <span class='ocr_line' id='line_1_41' title="bbox 181 4106 1252 4197; baseline 0.001 -27"><span class='ocrx_word' id='word_1_304' title='bbox 181 4153 183 4157; x_wconf 88' lang='lat'>-</span> <span class='ocrx_word' id='word_1_305' title='bbox 229 4106 352 4171; x_wconf 89' lang='lat' dir='ltr'>nocenti</span> <span class='ocrx_word' id='word_1_306' title='bbox 365 4107 594 4176; x_wconf 85' lang='lat' dir='ltr'>miserationem</span> <span class='ocrx_word' id='word_1_307' title='bbox 608 4110 777 4176; x_wconf 91' lang='lat' dir='ltr'>addiderat.</span> <span class='ocrx_word' id='word_1_308' title='bbox 796 4111 881 4176; x_wconf 89' lang='lat' dir='ltr'>haud</span> <span class='ocrx_word' id='word_1_309' title='bbox 894 4112 986 4176; x_wconf 88' lang='lat' dir='ltr'>facile</span> <span class='ocrx_word' id='word_1_310' title='bbox 999 4110 1070 4196; x_wconf 87' lang='lat' dir='ltr'>quis</span> <span class='ocrx_word' id='word_1_311' title='bbox 1079 4109 1252 4197; x_wconf 48' lang='lat' dir='ltr'>&amp;pexerit</span> 
     </span>
    </p>
   </div>
   <div class='ocr_carea' id='block_1_2' title="bbox 0 0 1384 4874">
    <p class='ocr_par' dir='ltr' id='par_1_8' title="bbox 0 0 1384 4874">
     <span class='ocr_line' id='line_1_42' title="bbox 0 0 1384 4874; baseline 0 2"><span class='ocrx_word' id='word_1_312' title='bbox 0 0 1384 4874; x_wconf 95' lang='lat' dir='ltr'> </span> 
     </span>
    </p>
   </div>
  </div>
 </body>
</html>
