2760 4874
371 393 374 396 ‘
394 404 601 463 sensurum
617 406 692 460 mn.
705 407 728 460 1.
747 409 866 462 10-13.
1100 401 1137 462 ιι

116 510 137 548 p.
148 496 190 537 cn.
200 499 235 537 ιι.

116 564 211 630 rebus
238 586 317 646 quas
343 585 406 627 non
432 562 599 639 occuleret,
627 585 683 627 seu
709 572 820 628 natura
845 565 912 629 sive
937 566 1141 632 adsuetudine

117 681 273 742 suspensa
295 679 419 742 semper
440 667 472 721 et
494 657 629 720 obscura
651 656 761 721 verba:
784 667 858 722 tunc
880 681 954 723 vero
976 661 1085 724 nitenti
1107 671 1141 724 ut

117 774 230 817 sensus
253 772 327 816 suos
353 750 477 835 penitus
500 750 641 827 abderet,
667 751 701 814 in
725 751 877 815 incertum
904 761 934 816 et
959 753 1142 838 ambiguum

117 845 219 930 magis
236 843 485 929 implicabantur.
508 854 541 908 at
556 852 676 928 patres,
699 843 813 926 quibus
831 868 912 910 unus
931 857 1032 910 metus
1052 849 1079 911 si
1095 849 1142 911 in-

117 939 264 1024 tellegere
277 939 464 1015 viderentur,
483 938 517 1000 in
533 947 673 1027 questus,
692 938 846 1015 lacrimas,
865 949 938 1004 vota
951 941 1083 1019 effundi3
1102 943 1141 1006 ad
1233 990 1236 999 .

117 1034 203 1108 deos,
222 1033 264 1096 ad
277 1031 415 1117 effigiem
427 1030 577 1116 Augusti,
596 1032 637 1095 ad
650 1053 754 1117 genua
770 1032 869 1116 ipsius
883 1056 994 1099 manus
1004 1036 1140 1112 tendere,

117 1148 188 1190 eum
201 1124 334 1209 proserii
346 1124 487 1189 libellum
500 1125 683 1206 recitarique
695 1125 799 1188 iussit:
819 1147 894 1209 opes
908 1126 1051 1210 publicae
1069 1151 1143 1192 con·

117 1219 308 1294 tinebantur,
331 1228 482 1301 quantum
506 1218 621 1282 civium
644 1218 860 1302 sociorumque
883 1221 916 1283 in
934 1222 1043 1299 armis,
1066 1231 1143 1304 quot

118 1315 251 1390 classes3
269 1334 374 1397 regna,
392 1312 581 1396 provinciae,
600 1311 716 1375 tributa
733 1320 786 1375 aut
803 1313 969 1399 vectigalia
986 1323 1017 1378 et
1033 1337 1142 1379 neces-

118 1407 226 1470 sitates
244 1427 282 1470 ac
298 1405 493 1489 largitionem
512 1427 592 1488 quae
610 1414 723 1469 cuncta
704 1428 807 1470 asua
811 1429 906 1470 manu
919 1408 1142 1515 perscripserat
1219 1411 1221 1414 ’

117 1501 284 1586 Augustus
299 1499 459 1563 addiderat
447 1509 520 1582 tque
534 1498 698 1563 eonsilium
716 1501 904 1563 coercendi
895 1511 1005 1565 mtrat
1006 1502 1141 1566 ermines

117 1593 252 1679 imperii,
271 1593 423 1657 incertum
443 1597 528 1656 metu
547 1616 587 1656 an
604 1615 660 1677 per
677 1593 835 1657 invidiam.

180 1687 233 1750 lut
220 1695 267 1750 ter
279 1708 366 1769 quae
373 1695 461 1751 senat
449 1687 537 1750 tadu
550 1687 672 1750 infimas
683 1685 736 1751 obt
723 1695 817 1758 testat
817 1687 904 1752 iones
917 1688 1141 1773 procumbente
1161 1707 1191 1754 ιι

116 1781 195 1844 drxrt
204 1778 433 1845 forteTrbenus
444 1803 477 1845 se
486 1789 521 1844 ut
530 1803 592 1845 non
602 1781 658 1845 otr
666 1803 711 1844 rer
701 1779 984 1867 publrcaeparem,
994 1784 1038 1848 ita
1046 1806 1141 1867 quae-

116 1895 326 1958 eurnquepars
333 1873 391 1939 sibi
401 1875 607 1952 mandaretur,
619 1875 685 1939 eius
691 1875 820 1939 tutelam
830 1887 1063 1962 suscepturum3
1073 1888 1139 1940 turn

114 1966 248 2033 Asinius
264 1965 389 2032 Gallus:
406 1968 610 2054 ,‚inteirogo,“
625 1969 734 2051 inquit,
752 1969 899 2048 „Cassan
911 1993 1005 2054 qnam
1019 1981 1138 2056 partem

115 2061 316 2145 reipublicae
329 2062 470 2126 mandari
486 2059 543 2125 tibi
561 2062 669 2126 velis.“
690 2062 853 2148 perculsus
872 2064 1031 2149 inprovisa
1047 2066 1141 2128 inter-

114 2156 276 2241 rogatione
296 2155 425 2240 paulum
446 2155 581 2219 reticuit:
609 2157 680 2220 dein
699 2156 828 2220 collecto
850 2158 954 2233 animo
979 2158 1140 2242 respondit

115 2271 314 2333 nequaquam
332 2250 480 2314 decorum
495 2251 608 2335 pudori
627 2271 684 2314 suo
701 2249 805 2334 legere
823 2250 939 2332 aliquid
953 2260 1007 2314 aut
1024 2251 1140 2314 evitare

116 2364 230 2418 exeo,
254 2343 304 2406 cui
322 2344 354 2406 in
375 2344 556 2408 universum
579 2344 722 2408 excusari
744 2343 858 2409 mallet.
885 2366 1009 2407 rursum
1029 2341 1140 2407 Gallus

116 2475 158 2483 -
176 2437 291 2500 etenim
309 2437 397 2501 vultu
414 2437 619 2502 offensionem
641 2437 869 2500 coniectaverat
886 2475 928 2483 —
945 2459 1008 2500 non
1024 2436 1141 2500 idcirco

115 2531 340 2616 interrogatum
354 2531 406 2607 ait,
425 2545 460 2594 ut
477 2531 628 2617 divideret
645 2551 726 2613 quae
741 2529 878 2615 separari
895 2529 1065 2612 nequirent,
1085 2530 1141 2593 sed

115 2633 151 2687 ut
169 2646 227 2688 sua
244 2624 440 2689 confessione
453 2643 634 2709 argueretur
651 2646 748 2686 unum
763 2644 833 2686 esse
850 2622 895 2686 rei
912 2622 1055 2707 publicae
1072 2642 1141 2687 eor-

115 2740 176 2803 pus
195 2727 288 2800 atque
305 2719 397 2783 unius
416 2718 519 2782 animo
532 2719 718 2802 regendum3
738 2717 857 2780 addidit
874 2716 999 2781 laudem
1016 2714 1057 2781 de
1069 2712 1141 2781 An·
1225 2748 1228 2755 ·

115 2820 210 2896 gusto
224 2809 448 2895 Tiberiumque
465 2812 568 2897 ipsum
586 2812 786 2875 victoriarum
803 2833 936 2875 suarumv
947 2831 1090 2894 quaeque
1106 2809 1140 2873 in

116 2916 191 2989 toga
203 2926 260 2988 per
272 2913 319 2969 tot
333 2927 431 2970 annos
445 2905 571 2990 egregie
584 2904 711 2968 fecisset
724 2904 898 2967 admonuit:
911 2926 970 2968 neo
978 2904 1049 2967 ideo
1062 2902 1140 2966 iram

116 2997 184 3062 eius
202 2998 322 3075 lenivit,
345 2999 467 3082 pridem
484 2998 618 3073 invisus,
642 3007 800 3080 tamquam
823 2999 916 3061 ducta
933 2998 966 3060 in
983 2996 1141 3060 matrimo-

116 3090 204 3154 nium
221 3090 387 3176 Vipsania,
406 3091 453 3156 M.
473 3089 634 3176 Agrippae
651 3090 729 3166 filia,
749 3112 829 3173 quae
846 3091 1003 3173 quondam
1022 3088 1141 3153 Tiberii

117 3205 196 3247 uxor
213 3183 323 3261 iuerat,
341 3184 413 3269 plus
431 3206 526 3268 quam
544 3184 646 3272 civilia
664 3185 795 3268 agitaret
809 3183 1022 3266 Pollionisque
1035 3183 1139 3246 Asinii

115 3279 213 3362 patris
232 3279 380 3343 ferociam
397 3280 551 3343 retineret.

180 3371 259 3436 Post
267 3394 347 3455 quae
356 3374 397 3436 L.
406 3372 576 3436 Arruntius
590 3371 674 3435 haud
683 3372 816 3435 multum
830 3371 1010 3455 discrepans
1026 3393 1045 3432 a
1055 3366 1140 3432 Galli
1160 3388 1190 3433 13

117 3464 255 3528 oratione
267 3466 395 3549 perinde
409 3466 547 3542 offendit,
562 3487 751 3548 quamquam
765 3463 891 3528 Tiberio
905 3463 990 3526 nulla
1003 3472 1093 3524 vetus
1107 3461 1140 3523 in

117 3557 301 3622 Arruntium
314 3558 374 3636 ira3
393 3560 449 3623 sed
463 3558 599 3635 divitem,
622 3568 809 3644 promptum,
830 3559 946 3622 artibus
961 3552 1095 3642 egregiis
1109 3565 1153 3619 et

116 3651 182 3735 pari
196 3650 282 3714 sama
294 3652 427 3736 publice,
443 3652 651 3737 suspectabat.
674 3653 789 3736 quippe
803 3651 969 3737 Augustus
986 3649 1138 3733 supremis

116 3744 311 3809 sermonibus
326 3767 398 3808 cum
410 3755 565 3822 tractaret,
580 3746 706 3828 quinam
717 3745 848 3828 adipisci
856 3742 1027 3830 principem
1035 3741 1139 3805 locum

116 3838 277 3901 suffecturi
286 3838 457 3902 abnuerent
466 3849 519 3902 aut
528 3840 650 3923 inpares
660 3838 775 3901 vellent
784 3837 833 3900 vel
846 3837 939 3900 iidem
948 3845 1077 3920 possent
1085 3857 1139 3898 cu-

115 3940 295 4014 perentque,
310 3931 364 3995 M’.
375 3932 534 4017 Lepidum
547 3933 667 3996 dixerat
680 3952 827 4014 capacem
841 3930 897 3995 sed
911 3940 1136 4014 aspernantem,

116 4021 244 4088 Gallum
253 4023 401 4088 Asinium
411 4026 536 4089 avidum
546 4035 577 4090 et
589 4027 750 4102 minorem,
765 4025 806 4088 L.
817 4022 1002 4088 Arruntium
1015 4046 1077 4088 non
1090 4024 1138 4086 in-

116 4117 245 4202 dignum
261 4127 300 4194 et,
316 4118 342 4181 si
354 4120 448 4183 casus
462 4118 595 4197 daretur,
610 4142 768 4183 ausurum.
787 4118 826 4182 de
840 4117 993 4203 prioribus
1008 4139 1137 4182 consen-
