2760 4874
420 244 627 307 ANNALIUM
642 248 719 303 LIB.
733 248 770 304 11.
788 250 907 306 44-47.
1128 241 1170 306 63

136 354 157 393 μ
167 340 211 381 cu.
221 341 257 380 ιι.

136 420 243 476 torum
256 405 415 491 accipere3
429 425 468 469 ac
481 412 555 470 tuuc
563 402 728 470 Arminius
742 428 823 491 equo
836 408 1032 476 conlustrans
1046 421 1167 490 cuncta,

136 513 174 569 ut
193 521 344 586 quosque
364 499 515 564 advectus
539 509 618 576 erat,
640 501 844 585 reciperatam
864 501 1053 582 libertatem,
1076 507 1169 570 truci-

66 616 70 623 '
137 599 230 664 datas
251 596 410 682 legiones,
433 592 534 679 spolia
554 594 657 659 adhuc
679 604 711 659 et
732 595 795 660 tela
815 596 966 663 Romanis
988 598 1116 685 derepta
1136 600 1170 663 in

138 690 287 757 manibus
309 688 480 753 multorum
502 688 693 767 ostentabat;
719 698 827 755 contra
852 689 999 777 fugacem
1020 691 1170 758 Marobo-

138 787 239 851 duum
255 782 434 870 appellans,
451 782 640 867 proeliorum
657 793 827 869 expertem,
845 783 1025 870 Hercyniae
1042 785 1168 850 latebris

139 879 318 956 defensum,
336 899 375 942 ac
386 899 462 941 mox
473 898 531 961 per
543 877 626 942 dona
643 887 675 942 et
686 877 860 964 legationes
876 880 1026 965 petivisse
1043 880 1168 945 foedus:

138 974 332 1061 proditorem
348 970 478 1057 patriae,
497 970 662 1036 satellitem
681 970 828 1038 Caesaris
845 973 930 1038 haud
947 974 1051 1039 minus
1068 973 1170 1045 infen-

141 1070 185 1135 sis
202 1066 318 1135 animis
336 1063 565 1130 exturbandum
582 1087 678 1148 quam
695 1065 817 1131 Varum
835 1066 1023 1150 Quintilium
1043 1067 1170 1132 interfe-

140 1163 253 1240 cerint3
271 1158 489 1226 meminissent
505 1159 599 1224 modo
617 1168 664 1224 tot
679 1160 883 1245 proeliorum;
905 1184 1038 1245 quorum
1056 1171 1170 1227 eventu

141 1257 236 1324 etad
256 1264 452 1341 postremum
474 1253 581 1318 eiectis
598 1253 750 1320 Romanis
772 1256 849 1321 satis
870 1255 1050 1342 probatum,
1072 1279 1168 1343 penes

141 1363 230 1417 utros
247 1370 374 1415 summa
390 1347 465 1413 belli
482 1347 599 1419 suerit,

202 1443 317 1527 Neque
329 1440 547 1507 Maroboduus
560 1441 708 1508 iacentia
721 1444 770 1509 sui
788 1455 842 1509 aut
858 1445 982 1530 probris
997 1447 1031 1510 in
1047 1445 1169 1512 hostem
1187 1467 1219 1513 sc

140 1536 334 1614 abstinebat,
353 1534 410 1601 sed
426 1534 662 1622 Inguiomerum
680 1546 789 1602 tenens
806 1538 860 1604 illo
877 1539 910 1603 in
928 1562 1055 1626 corpore
1072 1541 1168 1605 decus

140 1653 234 1699 omne
256 1629 504 1709 Cheruscorum,
531 1629 615 1695 illius
638 1632 776 1696 consiliis
799 1641 890 1718 gesta
915 1655 996 1717 quae
1021 1656 1170 1720 prospere

139 1723 311 1792 ceciderint
332 1722 519 1801 testabatur3
542 1725 727 1789 vaecordem
744 1724 924 1791 Arminium
947 1736 978 1793 et
994 1750 1097 1793 rerum
1115 1750 1170 1793 ne·

139 1820 242 1887 scium
260 1816 395 1882 alienam
407 1816 540 1903 gloriam
557 1817 591 1881 in
608 1839 642 1882 se
656 1818 787 1896 trahere,
806 1820 953 1903 quoniam
971 1831 1034 1886 tres
1052 1844 1168 1886 vacuas

138 1914 283 2003 legiones
292 1921 324 1977 et
332 1910 445 1977 ducem
453 1911 573 1976 haudis
582 1913 727 1999 ignarum
736 1914 867 1999 perfidia
875 1915 1040 2001 deceperit,
1054 1939 1169 2002 magna

138 2030 215 2073 cum
239 2005 330 2072 clade
357 2003 545 2071 Germaniae
571 2017 603 2070 et
627 2006 799 2092 ignominia
825 2032 896 2086 sua,
924 2032 997 2074 cum
1022 2010 1167 2083 coniunx,

139 2124 216 2167 cum
231 2100 366 2166 filius
338 2122 406 2166 e1us
425 2099 585 2166 servitium
608 2101 711 2166 adhuc
728 2102 873 2167 tolerent:
897 2112 930 2167 at
947 2124 982 2168 sc
1003 2103 1169 2167 duodecim

139 2193 321 2282 legionibus
329 2195 463 2280 petitum
472 2195 551 2259 duce
561 2194 687 2261 Tubeno
696 2195 858 2261 mhbatam
864 2193 1093 2260 Germanorum
1101 2195 1170 2281 glo·

138 2286 1169 2379 namservavrsse,moxcondrt10mbusaequisdiscessum,neque

137 2383 300 2469 paenitere
321 2382 436 2466 quod
427 2405 567 2468 1psorum
584 2383 617 2447 in
635 2407 729 2448 manu
752 2380 810 2460 sit,
829 2383 985 2468 integrum
1003 2384 1169 2447 adversum

138 2477 303 2543 Romanos
316 2475 434 2542 bellum
447 2499 488 2541 an
500 2499 611 2563 pacem
624 2478 818 2542 incruentam
835 2477 944 2541 malint
932 2485 953 2542 t.
975 2476 1059 2541 his
1039 2475 1168 2540 vocibus

138 2570 305 2637 instinctos
328 2570 481 2635 exercitus
500 2571 649 2657 ‘propriae
675 2593 799 2655 quoque
822 2593 935 2636 causae
958 2569 1167 2646 stimulabant,

140 2686 216 2731 cum
231 2687 253 2729 a
270 2663 442 2730 Cheruscis
456 2665 740 2752 Langobardisque
757 2689 815 2750 pro
832 2666 959 2750 antiquo
982 2666 1094 2731 decore
1116 2675 1169 2733 aut

139 2759 259 2826 recenti
271 2758 414 2825 libertate
427 2767 459 2824 et
476 2769 583 2824 contra
596 2761 758 2846 augendae
771 2760 974 2825 dominationi
991 2768 1167 2826 certaretur.

139 2876 206 2918 non
227 2852 305 2918 alias
328 2853 444 2918 maiore
466 2853 548 2919 mole
567 2876 753 2919 concursum
775 2876 877 2939 neque
899 2855 1048 2941 ambiguo
1066 2854 1167 2940 magis

139 2956 271 3024 eventu,
298 2946 379 3012 fusis
404 2947 560 3030 utrimque
587 2947 704 3013 dextris
731 2949 893 3029 cornibus3
925 2949 1168 3035 sperabaturque

139 3062 269 3106 rursum
284 3062 405 3127 pugna,
427 3041 461 3105 ni
478 3040 694 3107 Maroboduus
713 3052 815 3108 castra
837 3043 871 3107 in
888 3044 982 3109 colles
1002 3041 1169 3108 subduxis-

140 3134 257 3200 setrid
274 3134 399 3220 signum
412 3135 548 3220 perculsi
560 3135 635 3215 fuit3
654 3146 685 3201 ct
702 3137 885 3224 transfugiis
902 3137 1052 3222 paulatim
1069 3136 1168 3200 nuda-

140 3238 193 3293 tus
205 3228 241 3293 in
252 3226 474 3295 Marcomanos
488 3230 642 3295 concessit
654 3230 802 3314 misitque
818 3230 938 3317 legatos
952 3230 993 3294 ad
1006 3227 1168 3293 Tiberium

140 3330 284 3388 oraturos
310 3323 435 3388 auxilia.
465 3345 652 3409 responsum
675 3333 723 3390 est
744 3347 808 3390 nou
829 3324 896 3388 iure
919 3345 991 3387 eum
1017 3321 1167 3385 adversus

141 3416 322 3484 Cheruscos
339 3440 427 3484 arma
442 3418 588 3485 Romana
604 3420 765 3498 invocare,
784 3419 838 3504 qui
855 3416 1024 3505 pugnantis
1041 3416 1075 3479 in
1092 3437 1168 3480 eun·

139 3511 214 3577 dem
235 3511 359 3578 hostem
381 3513 541 3579 Romanos
563 3514 649 3580 nulla
671 3537 732 3600 ope
753 3514 898 3592 iuvisset3
924 3512 1040 3577 missus
1063 3520 1167 3574 tamen

139 3606 284 3685 Drusus,
301 3617 337 3672 ut
353 3608 528 3674 rettudimus
533 3656 542 3687 ,
561 3609 632 3694 paci
649 3609 796 3675 firmator.

204 3699 329 3766 Eodem
347 3725 429 3767 anno
442 3703 607 3768 duodecim
621 3703 758 3769 celebres
772 3701 871 3768 Asiae
888 3700 982 3766 urbes
1000 3698 1165 3784 conlapsae
1184 3719 1215 3765 47

138 3805 293 3860 nocturno
314 3806 402 3861 motu
424 3805 537 3875 terrae,
566 3819 628 3882 quo
650 3797 838 3882 inprovisior
860 3795 1045 3882 graviorque
1067 3794 1164 3880 pestis

139 3890 215 3968 iuit3
236 3911 339 3974 neque
362 3890 488 3956 solitum
509 3892 543 3955 in
563 3891 618 3956 tali
635 3914 711 3958 casu
733 3892 885 3978 effugium
908 3888 1112 3956 subveniebat
1133 3889 1166 3953 iu

139 3993 250 4069 aperta
266 3986 498 4071 prorumpendi,
517 3986 590 4070 quia
607 3986 742 4052 diductis
760 3986 848 4054 terris
862 3985 1097 4052 hauriebantur:
1116 4006 1165 4051 se-
