2760 4874
400 352 607 444 Annnaruu
625 389 698 442 nin.
713 389 765 442 xr.
783 390 903 478 aa-aa
1060 422 1074 430 f
1102 379 1163 442 195

140 493 161 530 p.
174 480 258 519 ensa

138 548 290 613 adulteria
307 546 500 611 obiecturum
519 545 574 622 ait,
598 549 710 610 nedum
728 546 870 624 domum,
890 547 1016 612 servitia
1034 557 1065 611 et
1082 559 1164 612 eete-

137 665 190 707 ros
204 642 348 706 fortunae
357 649 483 725 paratus
497 649 688 724 reposceret;
703 639 857 704 frueretur
865 641 961 706 immo
970 643 1034 707 his:
1049 652 1082 706 ot
1094 643 1164 706 red-

137 738 225 800 deret
250 757 381 799 uxorem
402 743 620 819 rumperetque
643 729 768 798 tabulas
791 736 960 820 nuptiales:
989 760 1050 814 „an
1071 737 1164 802 disci-

137 830 249 894 dium“
263 829 365 912 inquit
379 837 486 906 „tuum
495 828 595 891 nosti?
612 851 686 891 nam
695 829 926 892 matrimonium
936 827 1005 894 Silii
1018 830 1096 893 vidit
1108 852 1164 915 po-

137 925 230 1010 pulus
245 935 275 987 et
290 932 415 986 senatus
429 932 460 986 et
477 921 567 985 miles
573 945 581 998 3
600 944 637 986 ac
655 923 688 985 ni
705 945 836 1007 propere
854 923 932 1009 agis,
951 932 1037 987 tenet
1054 923 1162 994 urbem

138 1017 300 1082 maritus.“

203 1110 286 1174 Tum
303 1109 481 1194 potissimos
503 1109 673 1173 amicorum
695 1119 800 1187 vocat3
823 1111 1018 1195 primumque
1036 1111 1081 1175 rei
1098 1111 1163 1175 fru-
1181 1131 1209 1176 31

137 1203 1163 1291 menteriaepraesectumTurranium‚postLusiumGetam,prae-

137 1298 266 1362 torianis
288 1298 471 1382 inpositum,
494 1307 707 1381 percontatur,
734 1299 804 1382 quis
827 1299 998 1364 fatentibus
1021 1301 1163 1383 certatim

137 1392 232 1456 ceteri
255 1392 528 1476 circumstrepunt:
555 1391 614 1455 iret
634 1392 667 1455 iu
689 1403 804 1470 castra,
831 1393 968 1458 firmaret
993 1390 1163 1479 praetorias

137 1487 295 1562 cohortes,
320 1485 477 1549 securitati
496 1495 566 1549 ante
589 1508 684 1569 quam
701 1487 855 1566 vindictae
874 1488 1058 1552 consuleret.
1087 1488 1162 1551 satis

137 1588 259 1645 constat
278 1601 315 1643 eo
333 1601 450 1664 pavore
469 1579 606 1658 offusum
626 1577 808 1657 Claudium,
830 1590 865 1644 ut
882 1581 1052 1645 identidem
1069 1581 1164 1644 inter-

136 1684 261 1760 rogaret
279 1697 320 1737 an
336 1674 403 1758 ipse
421 1675 543 1759 imperii
560 1684 685 1759 potens,
705 1700 746 1740 an
765 1674 862 1742 Silius
881 1677 1020 1762 privatus
1039 1688 1131 1742 esset.

200 1766 248 1832 At
260 1767 434 1851 Messalina
450 1790 513 1832 non
532 1769 607 1832 alias
628 1770 756 1834 solutior
769 1771 855 1848 luxu,
875 1772 980 1836 adulto
995 1782 1163 1845 auctumno

137 1862 338 1926 simulacrum
348 1861 520 1926 vindemiae
530 1885 586 1947 per
595 1863 723 1927 domum
732 1864 921 1929 celebrabat:
935 1867 1038 1951 urgeri
1047 1867 1165 1951 praela,

136 1956 232 2020 fluere
250 1955 352 2033 lacus3
375 1965 406 2019 et
424 1955 559 2020 feminae
576 1957 710 2042 pellibus
733 1959 890 2022 accinctae
913 1960 1112 2024 adsultabant
1129 1971 1164 2023 ut

138 2050 347 2116 sacrificantes
361 2049 412 2114 vel
425 2050 615 2114 insanientes
624 2052 784 2130 Bacchae;
797 2053 867 2136 ipsa
876 2054 958 2117 crine
968 2054 1062 2131 lluxo,
1079 2055 1163 2138 thyr-

138 2168 209 2221 sum
226 2145 383 2228 quatiens,
406 2144 555 2228 iuxtaque
576 2143 673 2210 Silius
691 2147 807 2210 hedera
824 2147 961 2224 vinctus,
985 2171 1093 2232 gerere
1111 2171 1163 2212 co-

137 2240 282 2315 thurnos,
313 2239 414 2303 iacere
440 2249 547 2324 caput,
580 2249 735 2325 strepente
762 2241 877 2304 circum
908 2242 1032 2326 procaci
1058 2242 1161 2305 choro.

136 2335 243 2399 ferunt
262 2333 404 2398 Vettium
427 2333 593 2399 Valentem
615 2334 744 2398 lascivia
769 2335 803 2398 in
827 2335 998 2420 praealtam
1020 2335 1161 2405 arborem

137 2429 310 2506 connisum,
324 2428 597 2514 interrogantibus,
612 2429 687 2512 quid
701 2431 862 2514 aspiceret,
876 2429 1075 2514 respondisse
1085 2439 1164 2494 tem-

136 2524 290 2608 pestatem
308 2521 348 2586 ab
367 2520 461 2587 Ostia
478 2533 628 2598 atrocem,
652 2524 718 2587 sive
737 2533 880 2608 coeperat
898 2546 935 2587 ea
953 2524 1087 2608 species,
1104 2545 1163 2587 seu

137 2617 218 2681 forte
235 2616 324 2702 lapsa
341 2639 404 2680 vox
420 2617 454 2680 in
471 2618 671 2703 praesagium
689 2619 791 2681 vertit.

202 2710 273 2774 Non
294 2733 400 2774 rumor
420 2710 552 2787 interea,
569 2711 632 2775 sed
649 2711 786 2795 undique
804 2711 904 2775 nuntii
925 2712 1086 2787 incedunt,
1110 2710 1163 2794 qui
1182 2729 1212 2775 32

126 2828 237 2891 ¹gnara
250 2803 384 2869 Claudio
400 2815 511 2868 cuncta
524 2814 556 2869 et
571 2805 677 2869 venire
693 2816 872 2890 promptum
886 2805 995 2870 ultioni
1008 2806 1162 2869 afferrent.

137 2899 233 2984 igitur
244 2896 418 2962 Messalina
431 2899 636 2963 Lucullianos
649 2899 682 2962 in
695 2899 811 2975 hortos,
828 2896 925 2964 Silius
938 2899 1163 2963 dissimulando

138 3001 225 3056 metu
242 2993 282 3057 ad
299 2992 406 3056 munia
423 2992 484 3056 fori
501 2992 716 3077 digrediuntur
721 3018 730 3070 ;
755 2993 864 3057 ceteris
887 2993 1006 3077 passim
1024 2991 1164 3056 dilaben-

138 3085 222 3150 tibus
245 3086 372 3149 adfuere
395 3087 605 3163 centuriones,
629 3087 788 3168 inditaque
807 3095 880 3150 sunt
901 3086 1017 3161 aincla,
1041 3094 1076 3148 ut
1092 3085 1162 3167 quis

137 3179 349 3264 reperiebatur
365 3179 397 3242 in
410 3179 536 3264 publico
554 3189 608 3243 aut
621 3202 677 3265 per
689 3179 839 3244 latebras:
857 3179 1032 3243 Messalina
1049 3187 1162 3253 tamen,

138 3295 329 3356 quamquam
346 3295 397 3337 res
416 3274 566 3338 adversae
585 3275 747 3338 consilium
763 3274 949 3355 eximerent,
971 3273 1016 3336 ire
1039 3270 1163 3335 obviam

138 3378 171 3434 et
188 3369 286 3454 aspici
303 3392 322 3432 a
339 3369 464 3446 marito,
489 3369 574 3451 quod
592 3391 685 3454 saepe
704 3367 878 3433 subsidium
896 3357 1060 3442 babuerat,
1079 3365 1166 3428 haud

139 3463 276 3548 seguiter
284 3463 424 3539 intendit,
439 3463 584 3545 misitque
595 3462 836 3526 utBritannicus
851 3469 882 3524 et
892 3458 1026 3525 Octau‘a
1039 3459 1072 3522 in
1081 3479 1165 3522 com-

114 3639 119 3647 ·
138 3557 266 3642 plexum
278 3558 375 3642 patris
389 3569 577 3642 pergerent3‘
587 3567 618 3621 et
630 3557 800 3644 Vibidiam,
819 3555 976 3640 virginum
989 3552 1165 3619 Vestalium

138 3651 397 3728 vetustissimam,
421 3651 521 3714 oravit
542 3651 697 3736 pontificis
720 3649 849 3713 maximi
871 3670 963 3712 aures
981 3648 1080 3723 adire,
1104 3646 1166 3710 cle-

138 3745 464 3829 mentiam‘expetere3
487 3753 580 3827 atque
597 3744 735 3822 interim,
755 3742 853 3807 tribus
871 3743 997 3806 omnino
1016 3741 1165 3805 comitan-

139 3839 223 3904 tibus
241 3840 333 3902 -id
354 3848 480 3924 repente
504 3839 678 3903 solitudinis
702 3846 767 3902 erat
785 3876 826 3884 —
845 3837 980 3922 spatium
1003 3835 1088 3900 urbis
1111 3857 1166 3923 pe-

139 3932 232 3997 dibus
246 3945 382 4011 emensa,
401 3929 544 3998 vehiculo
562 3956 624 4016 quo
637 3941 844 4018 purgamenta
856 3932 1016 3996 hortorum
1030 3929 1165 4015 eripiun-

139 4037 199 4104 tur,
218 4025 402 4092 Ostiensem
417 4028 499 4091 viam
516 4028 620 4104 intrat,
639 4027 724 4090 nulla
742 4024 1162 4109 cuiusquamnnisericordia,

140 4122 215 4203 quia
232 4121 419 4206 flagitiorum
437 4116 618 4186 deformitas
637 4119 844 4206 praevalebat.

934 4220 994 4286 13*
