2760 4874
390 375 689 433 ANNALIUM-LIB.
703 375 768 432 XV.
786 374 905 430 55-59.
1098 363 1160 427 309

139 480 160 520 p.
170 468 210 509 cn.
222 469 254 508 es.

140 537 329 620 Quintianus
349 532 481 599 Glitium
500 531 642 610 Gallum,
663 531 797 598 Senecio
814 531 957 596 Annium
975 532 1160 611 Pollionem,
1326 546 1342 595 ι·

138 631 309 695 amicorum
326 628 521 714 praecipuos,
540 628 750 692 nominavere.
1308 646 1329 707 4

202 724 310 807 Atque
328 723 451 787 interim
468 723 551 787 Nero
568 721 884 788 recordatus'Volusii
902 722 1028 787 Proculi
1046 723 1161 788 indicio
1179 743 1210 788 5⁷

137 819 309 904 Epicharin
331 817 454 881 attineri
476 827 624 900 ratusque
642 816 794 880 muliebre
813 839 926 901 corpus
944 817 1046 901 impar
1063 816 1170 880 dolori

138 912 298 977 tormentis
312 911 474 975 dilacerari
486 910 633 975 iubetat
650 911 735 974 illam
749 933 812 975 non
825 910 965 987 verbera,
984 932 1046 974 non
1060 911 1160 995 ignes,

137 1029 200 1071 non
221 1007 269 1070 ira
285 1028 323 1069 eo
341 1005 443 1069 acrius
461 1005 677 1088 torquentium
695 1027 735 1069 ue
757 1028 777 1068 a
793 1004 911 1070 femina
934 1015 1160 1090 spernerentur,

137 1101 309 1186 pervicere,
328 1099 404 1182 quin
422 1098 545 1163 obiecta
562 1099 739 1184 denegaret.
764 1099 810 1163 sic
832 1100 958 1184 primus
969 1099 1161 1183 quaestionis

138 1196 205 1258 dies
224 1203 434 1277 contemptus:
453 1202 578 1278 postero
597 1215 668 1275 cum
686 1192 727 1256 ad
745 1193 872 1257 cosdem
891 1193 1047 1257 cruciatus
1065 1201 1162 1276 retra

137 1289 263 1353 heretur
278 1287 453 1373 gestamine
472 1287 567 1351 sellae
585 1325 626 1334 -
645 1309 718 1350 nam
736 1287 896 1352 dissolutis
915 1285 1063 1350 membris
1086 1280 1162 1348 insiss

138 1392 219 1446 stere
237 1381 387 1465 nequibat
404 1419 447 1428 -
464 1380 567 1445 vinclo
585 1381 712 1457 fasciae,
731 1380 962 1466 quampectori
975 1381 1160 1455 detraxerat,

137 1475 170 1539 in
188 1476 317 1538 modum
335 1474 439 1557 laquei
462 1475 503 1538 ad
520 1496 626 1538 arcum
650 1474 744 1538 sellae
766 1475 908 1551 restricto
930 1473 1041 1537 indidit
1063 1473 1162 1536 cervi-

138 1591 206 1634 cem
224 1579 256 1633 et
273 1569 411 1653 corporis
429 1569 567 1654 pondere
585 1568 715 1632 connisa
731 1578 856 1632 tenuem
873 1569 937 1633 iam
951 1566 1093 1653 spiritum
1107 1588 1162 1630 ex·
1210 1563 1211 1567 ’

137 1663 260 1748 pressit,
280 1662 409 1727 clariore
428 1663 571 1747 exemplo
588 1663 733 1728 libertina
750 1664 861 1727 midier
878 1663 912 1726 in
924 1671 1011 1726 tanta
1023 1661 1161 1725 necessi·
1228 1730 1231 1735 ,

138 1766 200 1820 tate
218 1757 336 1820 alienos
355 1779 392 1821 ac
408 1779 505 1842 prope
527 1758 651 1843 ignotos
669 1759 870 1843 protegendo,
895 1780 967 1822 cum
983 1755 1113 1841 ingenui
1130 1765 1161 1818 et

137 1849 195 1912 viri
213 1859 243 1914 et
262 1851 382 1933 equites
399 1851 536 1915 Romani
555 1862 776 1934 senatoresque
794 1852 902 1916 intacti
924 1850 1085 1917 tormentis
1109 1871 1161 1913 ca·

136 1942 261 2006 rissirna
287 1966 415 2008 suorum
442 1945 575 2027 quisque
602 1945 769 2031 pignorum
791 1946 966 2029 proderent.
992 1942 1161 2008 nonenim

137 2035 322 2100 omittebant
352 2036 504 2101 Lucanus
526 2059 661 2120 quoque
685 2048 719 2101 et
748 2036 881 2103 Senecio
912 2047 943 2101 et
970 2037 1160 2119 Quintianus

136 2131 256 2215 passim
279 2131 422 2195 conscios
446 2132 552 2208 edere,
578 2133 680 2217 magis
703 2132 1004 2218 magisquepavido
1026 2130 1159 2206 Nerone,

137 2247 328 2309 quamquam
350 2224 564 2310 multiplicatis
592 2227 733 2291 excubiis
757 2241 856 2305 semet
888 2225 1045 2308 sepsisset.
1085 2224 1161 2306 quin
1179 2246 1211 2293 58

137 2329 168 2382 ct
181 2319 295 2383 urbem
304 2342 361 2405 per
375 2320 551 2404 manipulos
565 2321 724 2405 occupatis
738 2321 917 2396 moenibus,
931 2320 1054 2384 insesso
1068 2319 1161 2382 etiam

138 2413 215 2475 mari
234 2427 265 2476 et
282 2435 383 2490 amne,
406 2413 492 2478 volut
509 2414 542 2477 in
559 2415 734 2479 custodiam
753 2415 839 2478 dedit
855 2413 1088 2495 volitabantque
1106 2430 1162 2496 per

136 2507 219 2583 fora,
246 2530 303 2592 per
320 2508 446 2585 domos,
473 2532 548 2577 rura¹
563 2530 689 2592 quoque
707 2518 746 2571 et‘
759 2509 901 2593 proxima
923 2505 1162 2591 municipiorum

136 2601 257 2685 pedites
285 2602 480 2684 equitesque,
512 2603 658 2686 permixti
686 2600 867 2679 Germanis,
904 2601 1019 2685 quibus
1046 2600 1162 2666 fidebat

136 2694 281 2778 princeps
304 2696 395 2778 quasi
417 2697 563 2761 externis.
585 2696 738 2775 ‚continua
759 2695 833 2760 hinc
856 2705 891 2759 et·
909 2696 1014 2759 vincta
1036 2696 1162 2780 agmina

137 2787 217 2851 trahi
235 2801 272 2852 a'c
294 2788 414 2854 foribus
437 2790 597 2855 hortorum
619 2790 776 2867 adiacere,
804 2800 898 2873 atque
920 2788 975 2853 uhi
997 2789 1161 2858 dicendam

137 2881 178 2944 ad
200 2904 328 2947 causam
350 2884 542 2963 introissent,
570 2909 632 2949 noa
654 2884 763 2948 celatus
787 2894 916 2948 tantuin
927 2906 1003 2969 erga
1021 2884 1162 2948 coniura-

137 2985 185 3040 tos
209 2977 264 3041 sed
282 2977 428 3043 fortuitus
452 3001 554 3044 sermo
571 2989 609 3044 ct
631 2978 726 3043 subiti
745 3001 904 3055 occursus,
924 2978 951 3042 si
973 2978 1160 3060 convivium,

138 3068 165 3132 si
188 3071 400 3154 spectaculum
424 3073 517 3136 simul
537 3073 684 3149 inissent,
711 3090 768 3156 pro
792 3073 922 3137 crimine
949 3071 1062 3154 accipi,
1090 3082 1161 3134 eum

139 3184 232 3245 super
248 3163 382 3228 Neronis
405 3188 441 3229 ac
461 3165 738 3250 Tigellini-saevas
755 3165 1005 3248 percontationes
1023 3162 1161 3226 Faenius
1219 3238 1222 3243 ,

138 3277 261 3338 quoque
270 3257 375 3321 Rufus
385 3259 537 3322 violenter
549 3268 716 3344 urgueret,
725 3259 864 3321 nondum
878 3256 919 3321 ab
937 3255 1091 3320 indicibus
1106 3277 1162 3320 no-

138 3347 289 3426 minatus,
321 3351 378 3414 sed
401 3372 463 3433 quo
485 3350 579 3414 fidem
601 3351 743 3415 inscitiae
769 3360 906 3436 pararet,
938 3359 1027 3413 atrox
1053 3351 1163 3413 adver-

139 3465 193 3506 sus
212 3443 312 3508 socios
318 3469 327 3522 ;
345 3445 428 3508 idem
448 3443 563 3510 Subrio
580 3440 680 3528 Flavo
700 3444 858 3510 assistenti
876 3444 1102 3526 adnuentique,
1121 3466 1163 3508 an

138 3536 219 3600 inter
239 3537 340 3621 ipsum
359 3537 568 3624 cognitionem
591 3538 796 3623 destringeret
813 3537 954 3623 gladium
972 3536 1162 3618 caedemque

138 3638 283 3714 patraret,
301 3633 403 3696 renuit
420 3631 608 3717 infregitque
625 3632 776 3718 impetum
793 3633 857 3698 iarn
871 3653 1001 3695 manum
1013 3631 1053 3693 ad
1067 3651 1162 3713 capu-

138 3723 204 3787 lum
221 3725 394 3790 referentis.
471 3774 480 3787 .
1004 3738 1007 3743 ’

202 3818 304 3884 Fuere
326 3821 381 3904 qui
397 3821 520 3906 prodita
536 3820 755 3897 coniuratione,
775 3812 850 3884 dum
867 3819 992 3883 auditur
1000 3817 1160 3894 Milichus,
1180 3839 1217 3887 59*

140 3912 215 3975 dum
237 3914 359 3979 dubitat
378 3913 566 3993 Scaevinus,
593 3916 789 3981 hortarentur
806 3915 955 3980 Pisonem
977 3935 1107 3998 pergere
1129 3912 1161 3976 in

140 4015 242 4071 castra
268 4018 322 4072 aut
347 4019 448 4074 rostra
465 4011 632 4075 escendere
659 4010 830 4093 studiaque·
845 4008 979 4072 militum
1001 4016 1032 4071 et
1054 4007 1161 4092 populi

140 4108 306 4188 temptare:
326 4103 352 4168 si
371 4104 535 4170 conatibus
553 4105 619 4170 eius
634 4104 750 4171 conscii
764 4111 1018 4191 aggregarentur,
1038 4111 1161 4180 secutu-
