2760 4874
234 351 298 416 222
581 356 767 413 CORNELII
780 353 916 413 uucrrt

1162 453 1256 491 nudet

229 520 290 584 diis
308 516 448 593 libertas,
471 514 617 600 adempta
635 535 729 599 saepe
750 522 806 577 aut
826 512 967 592 limata,
990 525 1091 601 prout
1108 516 1198 583 bellis
1215 541 1262 583 ex·

231 614 326 679 toruis
340 620 515 676 meruerant
532 620 587 673 aut
603 608 689 673 (lomi
702 606 854 673 seditione
867 606 1072 691 deliquerant
1077 636 1087 689 ;
1107 611 1262 677 tributum-

230 730 292 791 que
310 703 544 791 Apamensibus
562 712 662 767 terrae
680 711 768 767 motu
784 700 945 769 convolsis
962 703 998 767 in
1015 704 1262 789 quinquennium

231 802 408 867 reatrissuur.

180 918 213 965 aa
290 894 336 959 At
359 894 511 959 Claudius
534 890 718 957 saevissima
738 912 883 975 quaeque
908 912 1061 977 promere
1085 894 1263 979 adigebatur

231 990 371 1054 eiusdem
389 986 585 1073 Agrippinae
603 984 736 1059 artibus,
754 1006 836 1068 qnae
855 984 1021 1051 Statilium
1040 986 1188 1053 Taurum
1204 989 1262 1072 opi·

231 1084 291 1149 bus
305 1082 475 1155 inlustrem,
493 1079 592 1144 bortis
610 1080 677 1143 eius
691 1078 814 1145 inhians
831 1080 985 1165 pervertit
1002 1092 1181 1147 accusante
1194 1082 1262 1145 Tar·

230 1178 329 1261 quitio
351 1176 475 1252 l'risc03
498 1174 621 1259 legatus
643 1174 671 1239 is
694 1174 792 1239 Tauri
808 1172 954 1237 Africam
977 1174 1119 1259 imperio
1142 1198 1262 1262 procon-
1336 1204 1340 1263 p

232 1272 327 1336 sulari
340 1269 487 1355 rogantis,
506 1279 674 1353 postquam
687 1276 880 1344 revenerunt,
898 1288 1004 1352 pauca
1021 1270 1261 1354 repetundarum
1336 1268 1340 1354 ξ

231 1366 374 1440 crimina,
402 1374 540 1428 ceterum
562 1362 701 1449 magicas
724 1362 960 1447 superstitiones
984 1362 1188 1442 obiectabat3
1212 1386 1261 1427 nec

233 1459 284 1524 ille
305 1458 422 1522 diutius
444 1456 560 1521 falsum
581 1469 808 1535 accusatorem,
832 1456 979 1543 indignas
1004 1463 1122 1525 sordes
1143 1482 1261 1546 perpes-

231 1575 300 1627 sus,
323 1552 387 1617 rim
404 1552 487 1617 vitae
505 1574 582 1617 suae
598 1551 702 1615 attulit
719 1561 791 1616 ante
809 1551 998 1616 sententiam
1017 1564 1170 1632 senatus3
1193 1554 1261 1619 Tar·

230 1646 347 1728 quitius
366 1656 470 1709 tarnen
487 1644 575 1711 curia
591 1656 720 1710 exactus
739 1654 801 1722 est,
823 1644 909 1728 quod
925 1655 1035 1731 patres
1056 1648 1135 1712 odio
1153 1648 1261 1713 delato-

229 1739 273 1803 ris
290 1752 399 1803 cantra
415 1738 568 1803 ambitum
585 1738 780 1825 Agrippinae
797 1739 966 1823 pervicere.

181 1850 213 1903 to
294 1830 418 1897 liudem
435 1854 518 1897 anno
535 1833 661 1919 saepius
678 1833 785 1898 audita
801 1856 864 1897 vox
880 1834 1049 1917 principis,
1075 1858 1188 1919 parem
1205 1836 1260 1899 vim

231 1947 334 1989 rerum
352 1922 530 1989 habendam
556 1950 576 1991 a
593 1926 843 2010 procuratoribus
862 1926 928 1989 suis
950 1926 1170 1997 iudicatarum
1188 1951 1223 1997 ac
1237 1927 1259 1994 si
1335 1996 1341 2019 ι

231 2022 298 2107 ipse
321 2022 496 2100 statuisset3
519 2044 557 2087 ae
573 2044 614 2088 ne
635 2022 764 2088 fortuito
785 2018 950 2108 prolapsus
972 2020 1155 2103 videretur,
1179 2048 1260 2091 sena·

231 2125 281 2180 tus
303 2137 428 2199 quoque
450 2116 593 2181 consulto
616 2128 743 2182 cantum
764 2118 886 2202 plenius
908 2139 1006 2199 quam
1024 2128 1125 2185 antea
1143 2130 1175 2185 et
1191 2119 1260 2184 ube-

230 2210 309 2275 rius:
331 2233 405 2273 narn
426 2210 517 2274 (liras
539 2208 707 2295 Angustus
729 2211 813 2295 apud
836 2220 1012 2294 equestres,
1037 2214 1097 2294 qui
1116 2213 1259 2299 Aegypto

230 2303 454 2387 praesiderent,
481 2303 551 2389 lege
573 2304 625 2389 agi
647 2304 833 2386 decretaque
859 2326 967 2369 eorum
992 2305 1133 2389 proinde
1158 2305 1260 2371 haberi
1343 2350 1346 2387 ,

230 2396 364 2461 iusserat
377 2420 413 2461 ae
428 2398 455 2461 si
468 2398 669 2483 magistratus
678 2398 814 2469 Rouaani
827 2398 1081 2477 constituissent3
1096 2423 1175 2466 mox
1188 2400 1258 2465 alias

230 2512 286 2575 per
299 2491 474 2575 provincias
493 2503 523 2555 et
540 2492 573 2555 in
587 2493 662 2557 urbe
676 2494 824 2576 pleraque
838 2515 988 2557 concessa
1002 2504 1080 2557 sunt
1094 2517 1179 2577 quae
1192 2495 1258 2559 olim

230 2608 250 2649 a
267 2585 460 2669 praetoribus
478 2586 700 2651 noscebantur:
720 2585 871 2651 Claudius
889 2608 981 2651 onrne
994 2587 1046 2651 ius
1065 2590 1207 2665 tradidit,
1225 2589 1259 2651 de

230 2701 293 2760 quo
312 2679 424 2743 totiens
443 2680 594 2743 seditione
612 2690 665 2743 aut
683 2682 777 2745 armis
795 2689 955 2757 certatum,
975 2702 1048 2745 curn
1065 2680 1259 2767 Semproniis
1348 2754 1351 2765 Ι

229 2773 443 2856 rogationibus
466 2783 610 2856 equester
631 2775 707 2838 ordo
729 2775 762 2838 in
783 2775 981 2859 possessione
1003 2774 1199 2841 indiciorum
1220 2776 1260 2838 le

230 2877 364 2942 caretur,
389 2876 442 2929 aut
458 2889 583 2932 rursum
602 2865 754 2932 Serviliae
771 2868 858 2954 leges
877 2868 997 2933 senatui
1015 2869 1139 2934 indicia
1155 2870 1259 2934 redde·

229 2968 311 3036 rent,
334 2959 520 3042 Mariusque
542 2969 573 3023 et
592 2958 682 3025 Sulla
699 2961 773 3025 olim
792 2963 830 3025 de
849 2983 886 3025 ee
904 2960 954 3024 vel
975 2963 1151 3047 praecipue
1168 2963 1260 3028 bella·

229 3063 311 3130 rent3
335 3054 390 3117 scd
409 3065 482 3117 tune
501 3055 645 3117 ordinum
667 3055 792 3119 diversa
809 3055 925 3130 studia,
949 3064 981 3118 et
1001 3076 1087 3137 quae
1112 3058 1258 3131 vicerant,

229 3146 354 3231 publice
375 3147 536 3211 valebant:
565 3146 603 3212 C.
629 3145 753 3232 Oppius
777 3157 809 3211 et
831 3147 996 3212 Cornelius
1019 3148 1148 3214 Balbus
1170 3149 1257 3234 primi

231 3239 377 3306 Caesaris
396 3241 507 3325 opibus
521 3251 650 3326 potuere
669 3242 867 3306 condiciones
885 3242 974 3325 pacis
993 3242 1173 3308 ambiaris
1190 3243 1258 3308 belli

229 3342 375 3411 tractare;
393 3333 511 3399 Matios
529 3336 661 3420 posthae
679 3345 710 3399 et
727 3335 846 3400 Vedios
865 3345 895 3399 et
913 3346 1016 3399 cetera
1035 3337 1182 3417 equitum
1199 3337 1258 3400 Ro

229 3450 393 3493 manorum
415 3430 593 3513 praevalida
610 3431 736 3495 nomina
757 3431 872 3493 referre
890 3429 966 3492 nihil
989 3429 1168 3507 attinuerit,
1190 3452 1256 3494 eum
1350 3426 1353 3431 ’

230 3519 384 3587 Claudius
407 3523 548 3600 libertos,
572 3546 651 3606 quos
673 3524 720 3588 rei
736 3523 881 3588 familiari
902 3523 1113 3610 praefecerat,
1141 3523 1256 3607 sibique

232 3624 265 3680 et
279 3614 404 3702 legibus
423 3617 654 3699 adaequaverit.

180 3730 210 3777 ot
293 3710 425 3775 Rettulit
438 3712 550 3776 deinde
564 3712 602 3775 de
616 3712 799 3776 inmunitate
814 3711 889 3776 Cois
904 3711 1080 3789 tribuenda,
1099 3714 1256 3795 multaque

229 3826 324 3888 super
341 3805 523 3888 antiquitate
546 3828 653 3870 eorum
675 3807 873 3870 memoravit:
895 3805 1036 3890 Argivos
1055 3805 1107 3870 vel
1128 3805 1255 3878 Coeum,

229 3898 372 3962 Latonae
385 3909 554 3983 parentem,
570 3900 798 3964 vetustissimos
812 3899 932 3963 insulae
946 3896 1084 3962 emtores
1089 3924 1098 3977 3
1118 3922 1195 3965 mox
1207 3898 1256 3962 ad-

229 3999 326 4054 ventu
338 3991 522 4078 Aesculapii
540 4002 638 4057 artem
655 3993 801 4057 medendi
819 3992 947 4067 inlatam
960 3991 1165 4074 maximeque
1182 3993 1257 4057 inter

229 4092 370 4168 posteros
385 4086 452 4153 eius
465 4086 619 4154 celebrem
632 4087 740 4167 fuisse,
759 4087 886 4153 nomina
899 4086 1097 4172 singulorum
1110 4088 1255 4160 referens,
