2760 4874
373 367 580 426 Annamuu
597 368 673 422 nra.
687 367 751 442 xv.
770 366 888 421 ιιι-ιιι.
1078 353 1141 417 313

117 471 139 509 p.
150 458 190 499 Ch.
201 460 233 498 db.

117 527 259 592 sollemni
277 536 444 590 crematur:
463 527 507 590 ita
525 526 673 590 codicillis
690 526 941 610 praescripserat,
961 547 1033 589 cum
1048 525 1142 589 etiam

116 631 183 685 turn
201 621 363 705 praedives
382 631 413 683 et
429 631 616 705 praepotens
636 621 789 705 supremis
808 619 873 683 suis
892 619 1076 684 consuleret.

179 716 280 780 Fama
297 715 357 778 fuit
366 713 515 787 Subrium
528 715 662 779 Flavum
680 736 752 778 cum
770 713 1002 779 centurionibus
1020 713 1141 778 occulto
1160 734 1192 781 es

85 829 87 834 ’
116 810 247 875 consilio
272 831 375 892 neque
401 819 505 874 tamen
528 811 692 896 ignorante
717 807 839 874 Seneca
860 808 1080 885 destinavisse,
1108 818 1143 872 ut

115 915 188 990 post
209 904 348 969 occisum
371 926 467 989 opera
482 904 610 970 Pisonis
626 903 785 968 Neronem
807 903 884 968 Piso
906 924 1030 986 quoque
1048 902 1142 966 inter-

116 1000 260 1064 ficeretur
272 998 505 1080 tradereturque
517 999 683 1083 imperium
694 995 843 1075 Senecae,
862 997 953 1080 quasi
965 994 1141 1061 insontibus

117 1093 298 1158 claritudine
315 1092 465 1158 virtutum
483 1093 525 1157 ad
542 1099 699 1157 summum
721 1091 883 1177 fastigium
905 1091 1039 1168 delect03
1066 1090 1142 1173 quin

117 1199 149 1251 et
165 1187 260 1252 verba
269 1186 360 1251 Flavi
373 1187 592 1272 vulgabantur,
611 1208 674 1257 non
687 1186 802 1250 referre
816 1184 984 1262 dedecoris,
1004 1185 1032 1249 si
1045 1184 1143 1248 citha-

116 1283 230 1346 roedus
249 1282 466 1345 demoveretur
483 1291 514 1345 et
532 1281 699 1367 tragoedus
718 1281 906 1358 succederet,
926 1280 999 1363 quia
1012 1288 1047 1342 ut
1059 1278 1142 1343 Nero

118 1376 245 1452 cithara,
264 1376 307 1455 ita
324 1375 401 1439 Piso
419 1377 537 1461 tragico
555 1385 667 1441 ornatu
685 1375 825 1439 canebat.
883 1401 887 1407 ’

183 1468 332 1534 Ceterum
349 1469 490 1534 militaris
509 1491 634 1553 quoque
648 1469 836 1553 conspiratio
849 1465 912 1532 non
926 1468 1007 1531 ultra
1020 1466 1140 1543 fefellit,
1161 1487 1192 1534 66

118 1563 257 1628 accensis
278 1560 433 1648 [quoque]
456 1563 612 1629 indicibus
631 1563 671 1627 ad
692 1563 887 1647 prodendum
904 1561 1058 1627 Faenium
1077 1560 1143 1623 Ru-

117 1659 195 1734 fum,
214 1679 308 1742 quem
326 1658 460 1721 eundem
477 1658 637 1730 conscium
660 1667 690 1721 et
712 1656 926 1740 inquisitorem
947 1660 1011 1719 non
1032 1655 1144 1718 tolera-

118 1752 202 1816 bant
222 1774 296 1838 ergo
314 1751 442 1816 instanti
459 1752 676 1834 minitantique
693 1751 837 1816 renidens
853 1749 1026 1827 Scaevinus
1045 1749 1143 1812 nemi-

117 1869 188 1914 nem
207 1847 250 1909 ait
266 1845 356 1930 plura
374 1846 453 1910 scire
471 1868 565 1928 quam
578 1847 691 1930 ipsum,
711 1845 911 1928 hortaturque
924 1844 1014 1920 ultro,
1033 1843 1143 1907 redde-

117 1949 166 2002 ret
183 1947 247 2002 tam
265 1939 346 2002 bono
359 1939 492 2024 principi
506 1940 615 2004 vicem.
635 1962 699 2003 non
711 1961 774 2002 vox
787 1940 954 2002 adversum
967 1960 1005 2001 ea
1013 1937 1141 2013 Faenio,

117 2025 365 2109 non-silentium,
385 2033 441 2096 sed
459 2032 555 2097 verba
572 2055 630 2097 sna
650 2033 855 2117 praepediens
878 2041 909 2095 et
929 2031 1055 2116 pavoris
1077 2054 1144 2094 ma-

117 2125 266 2202 nifestus3
289 2126 462 2209 ceterisque
485 2148 521 2191 ac
539 2127 676 2191 maxime
696 2125 845 2191 Cervario
863 2125 1011 2202 Proculo,
1039 2124 1143 2207 equite

117 2219 271 2296 Romano,
290 2220 331 2284 ad
349 2221 597 2285 convincendum
616 2243 687 2285 eum
705 2220 853 2297 connisis,
871 2220 960 2284 iussu
977 2220 1144 2304 imperato-

117 2314 160 2378 ris
179 2338 198 2378 a
216 2313 331 2379 Cassio
347 2315 458 2391 milite,
486 2316 541 2399 qui
563 2315 604 2380 ob
622 2315 745 2401 insigne
764 2314 901 2400 corporis
924 2313 1021 2378 robur
1037 2313 1142 2378 adsta-

118 2408 181 2484 bat,
200 2409 365 2494 corripitur
381 2409 584 2493 vinciturque.
858 2416 859 2420 ’
1175 2423 1176 2427 ’

182 2502 262 2568 Mox
284 2504 453 2567 eorundem
475 2504 589 2571 indicio
613 2502 747 2585 Subrius
765 2503 883 2568 Flavus
907 2503 1050 2568 tribunus
1072 2525 1143 2588 per·
1162 2521 1192 2568 67

118 2598 260 2674 vertitur,
287 2598 396 2682 primo¹
410 2597 695 2665 dissimilitudinem
720 2620 843 2663 morum
864 2598 905 2662 ad
928 2597 1141 2661 defensionem

119 2690 255 2768 trahens,
277 2713 379 2774 neque
398 2714 431 2756 se
449 2702 604 2758 armatum
621 2714 692 2756 curn
714 2691 885 2756 inermibus
904 2701 935 2756 et
957 2691 1142 2755 effeminatis

119 2794 239 2848 tantum
256 2785 378 2849 facinus
397 2787 660 2864 consociaturum
679 2787 761 2864 dein,
779 2795 946 2871 postquam
963 2785 1143 2871 urgebatur,

119 2878 324 2944 confessionis
342 2881 474 2967 gloriam
496 2881 674 2967 amplexus,
696 2882 967 2967 interrogatusque
985 2904 1004 2945 a
1020 2881 1143 2946 Nerone

119 2971 232 3053 quibus
242 2975 396 3040 causisad
409 2976 598 3041 oblivionem
613 2977 799 3043 sacramenti
815 2976 1030 3060 processisset,
1050 2976 1145 3055 „ode-

118 3088 186 3129 ram
204 3071 254 3130 te“
273 3068 393 3151 inquit,
417 3091 494 3148 „nec
512 3070 680 3153 quisquam
698 3069 756 3134 tibi
777 3069 898 3133 fidelior
919 3069 1052 3132 militum
1074 3069 1142 3145 fuit,
1224 3103 1227 3108 Δ

120 3160 195 3222 dum
208 3161 307 3224 amari
319 3163 472 3227 meruisti:
492 3163 596 3227 odisse
610 3164 713 3247 coepi,
732 3173 900 3248 postquam
912 3162 1066 3246 parricida
1079 3185 1145 3226 ma-

120 3252 175 3316 tris
195 3262 226 3318 et
241 3255 364 3333 uxoris,
393 3257 503 3342 auriga
521 3266 552 3321 et
573 3257 683 3322 histrio
705 3256 965 3321 etincendiarius
984 3255 1142 3320 extitisti.“

119 3346 189 3430 ipsa
210 3348 314 3430 rettuli
332 3349 442 3426 verba,
470 3350 544 3434 quia
560 3373 640 3428 non,
664 3361 700 3414 ut
719 3349 873 3427 Senecae,
896 3349 1023 3435 volgata
1045 3360 1141 3426 erant,

87 3463 178 3505 tnec
195 3443 299 3507 minus
322 3444 412 3508 nosci
433 3444 565 3509 decebat
589 3445 731 3527 militaris
754 3445 813 3509 viri
835 3466 945 3509 sensus
968 3444 1142 3528 incomptos

120 3545 151 3599 et
168 3537 299 3602 validos.
326 3537 403 3602 nihil
424 3539 458 3604 in
479 3539 532 3604 illa
553 3540 764 3605 coniuratione
786 3539 913 3625 gravius
936 3537 1063 3602 auribus
1081 3537 1144 3602 Ne-

119 3630 204 3694 ronis
223 3632 374 3697 accidisse
388 3633 533 3711 constitit,
553 3633 608 3717 qui
625 3643 661 3697 ut
677 3633 829 3698 faciendis
849 3632 1017 3698 sceleribus
1039 3654 1144 3716 prom-

120 3734 203 3808 ptus,
222 3726 266 3789 ita
284 3727 431 3791 audiendi
448 3750 529 3812 quae
546 3728 665 3792 faceret
684 3728 822 3792 insolens
841 3736 915 3791 erat.
934 3749 1036 3811 poena
1052 3725 1144 3791 Flavi

121 3817 253 3884 Veianio
262 3820 360 3906 Nigro
379 3822 502 3887 tribuno
519 3824 685 3888 mandatur
690 3823 745 3900 ;.is
755 3822 905 3908 proximo
923 3822 956 3887 in
969 3844 1045 3907 agro
1060 3844 1144 3886 sero,

121 3911 193 3977 bem
212 3913 307 3980 effodi
324 3915 429 3994 iussit,
456 3939 551 4000 quam
570 3917 669 3982 visam
686 3917 803 3982 Flavus
822 3925 857 3980 ut
873 3916 1023 3981 humilem
1042 3925 1072 3980 et
1089 3941 1144 3981 an-

120 4016 245 4092 gustam
263 4009 437 4096 increpans‚
456 4012 728 4077 circumstantibus
746 4012 896 4079 militibus
921 4036 979 4092 „ne
997 4014 1058 4079 hoc
1074 4013 1143 4098 qui·

121 4102 212 4167 dem“
235 4104 336 4189 inquit
359 4128 418 4186 „ex
441 4105 634 4192 disciplina.“
662 4107 903 4192 admonitusque
925 4107 1046 4174 fortiter
1070 4131 1143 4195 pro·

1266 530 1355 723 ’β
