2760 4874
405 390 612 448 ANNALIUM
624 391 698 445 LIB.
708 391 789 446 XIII.
807 392 926 448 42-44.
1111 382 1173 447 247

152 494 173 532 p.
185 482 225 522 cn.
236 484 267 521 se.

68 582 74 591 =
152 572 285 634 quorum
311 548 396 614 obvii
421 557 516 612 testes
539 557 635 612 erant.
667 548 689 610 ii
711 548 878 613 acerbitate
904 551 1110 616 accusationis
1133 551 1174 633 Q.

151 644 360 728 Pomponium
374 643 414 706 ad
426 642 644 707 necessitatem
657 641 731 707 belli
744 642 843 706 civilis
862 643 1032 722 detrusum,
1050 644 1174 722 Iuliam,

149 739 249 802 Drusi
266 738 372 814 filiam,
393 734 605 819 Sabinamque
622 736 804 821 Poppaeam
822 737 863 800 ad
880 747 1011 801 mortem
1029 748 1125 816 actas,
1144 748 1176 803 et

150 832 311 895 Valerium
325 830 512 907 Asiaticum,
532 830 669 894 Lusium
683 826 896 907 Saturninum,
913 829 1093 895 Cornelium
1107 832 1175 895 Lu-

149 949 224 1010 pum
239 926 480 1001 circumventos3
494 923 556 987 iarn
571 924 710 1007 equitum
722 923 937 988 Romanorum
949 925 1075 1010 agmina
1087 926 1176 990 dam-

148 1030 231 1096 nata,
251 1039 437 1100 omnemque
452 1016 578 1082 Claudii
592 1019 753 1083 saevitiam
768 1016 880 1083 Suillio
894 1018 1099 1084 oblectabant·
1122 1021 1174 1084 ille

148 1112 226 1176 nihil
244 1135 284 1176 ex
305 1112 354 1177 his
373 1122 484 1197 sponte
507 1123 701 1196 susceptum,
726 1113 782 1176 sed
803 1113 936 1198 principi
956 1113 1098 1197 paruisse
1121 1115 1175 1178 de-

148 1205 311 1284 fendebat,
331 1206 431 1269 donec
449 1228 518 1269 eam
535 1202 706 1270 orationem
726 1204 846 1270 Caesar
863 1206 1014 1284 cohibuit,
1034 1230 1175 1293 comper-

149 1309 216 1363 tum
230 1299 290 1364 sibi
301 1299 441 1364 referens
455 1322 495 1362 cx
512 1300 740 1364 commentariis
753 1300 850 1383 patris
869 1300 918 1364 sui
936 1301 1052 1364 nullam
1069 1301 1174 1375 cuius-

149 1415 244 1477 quam
262 1394 492 1457 accusationem
511 1393 550 1457 ab
569 1416 606 1457 eo
625 1402 774 1457 coactam.
798 1402 864 1456 tum
881 1394 968 1458 iussa
980 1393 1173 1459 Messalinae

148 1488 310 1575 praetendi
327 1498 359 1552 et
374 1488 480 1553 labare
494 1487 649 1552 defensio:
669 1511 724 1552 cur
741 1489 825 1552 enim
837 1488 993 1553 neminem
1007 1489 1102 1553 alium
1120 1489 1174 1553 de-

148 1582 264 1646 lectum
281 1583 336 1666 qui
354 1583 503 1646 saevienti
520 1583 698 1666 impudicae
713 1605 824 1647 vocem
841 1583 1022 1668 praeberet?
1043 1585 1174 1669 punien-

148 1676 205 1740 dos
223 1698 327 1740 rorum
344 1677 496 1740 atrocium
514 1677 685 1754 ministros,
709 1676 763 1741 ubi
780 1678 880 1762 pretia
898 1678 1049 1742 scelerum
1067 1679 1173 1764 adepti

148 1770 266 1834 scelera
282 1770 352 1855 ipsa
368 1770 437 1834 aliis
456 1770 610 1855 delegerit.
637 1771 733 1856 igitur
750 1773 896 1856 adempta
918 1772 1067 1837 bonorum
1084 1782 1172 1857 parto

146 1903 189 1912 -
211 1887 284 1929 nam
305 1865 369 1929 filio
392 1874 423 1928 et
444 1865 529 1949 nepti
551 1888 624 1950 pars
647 1865 875 1930 concedebatur
897 1866 1172 1950 eximebanturque

147 1958 241 2022 etiam
258 1980 339 2041 quae
361 1968 546 2024 testamento
564 1960 671 2023 matris
695 1969 748 2023 aut
770 1959 858 2024 aviae
880 1968 1064 2044 acceperant
1081 1999 1122 2007 —
1140 1960 1173 2022 in

145 2053 264 2116 insulas
277 2052 426 2117 Baleares
444 2052 577 2138 pellitur,
596 2053 709 2117 nonin
726 2054 796 2138 ipso
814 2053 1001 2130 discrimine,
1020 2076 1083 2117 non
1100 2063 1172 2138 post
1255 2069 1257 2072 ’

88 2159 92 2162 ’
146 2147 377 2211 damnationem
390 2147 508 2211 fractus
523 2148 626 2212 animo
632 2173 641 2225 ;
660 2146 879 2229 ferebaturque
893 2148 1021 2232 copiosa
1037 2157 1068 2210 et
1085 2147 1172 2210 molli

145 2241 210 2304 vita
227 2251 382 2305 secretum
398 2242 476 2304 illud
489 2241 680 2305 toleravisse.
704 2241 804 2304 filium
822 2241 888 2304 eius
902 2240 1097 2305 Nerullinum
1115 2263 1171 2325 ag-

144 2337 262 2420 gressis
272 2335 505 2400 accusatoribus
519 2358 575 2420 per
583 2336 732 2400 invidiam
741 2335 837 2420 patris
848 2344 879 2399 et
888 2335 1017 2399 crimina
1025 2343 1171 2420 repetun-

145 2429 264 2507 darum,
283 2431 459 2495 intercessit
476 2431 620 2515 princeps
635 2440 793 2514 tamquam
809 2430 884 2494 satis
904 2431 1027 2515 expleta
1043 2431 1169 2494 ultione.

203 2524 267 2588 Per
287 2525 372 2588 idem
397 2536 521 2609 tempus
545 2522 701 2590 Octavius
723 2520 860 2609 Sagitta,
887 2523 991 2609 plebei
1016 2523 1168 2601 tribunus,
1188 2545 1221 2591 44

143 2616 288 2695 Pontiae,
308 2619 446 2684 mulieris
464 2627 594 2703 nuptae,
613 2639 718 2682 amore
736 2639 859 2694 vecors,
882 2617 1061 2703 ingentibus
1080 2617 1170 2682 donis

143 2711 329 2776 adulterium
343 2722 374 2776 et
387 2735 470 2789 mox,
489 2722 524 2775 ut
538 2711 693 2776 omitteret
705 2711 861 2788 maritum,
881 2721 1061 2790 emereatur,
1077 2734 1170 2775 suum

143 2806 374 2870 matrimonium
395 2807 578 2891 promittens
601 2828 639 2870 ac
656 2807 780 2891 nuptias
803 2806 870 2870 eius
892 2815 1012 2892 pactus.
1042 2806 1098 2870 sod
1115 2806 1171 2871 ubi

141 2900 253 2965 mulier
269 2923 371 2965 vacua
387 2901 461 2977 fuit,
480 2910 603 2965 nectere
621 2922 739 2978 moras,
762 2901 926 2966 adversam
944 2901 1041 2986 patris
1059 2899 1170 2964 volun·
1285 2935 1293 2960 ι

112 3054 115 3058 .
142 3003 238 3057 tatem
265 2994 386 3059 causari
412 3005 596 3079 repertaque
619 3017 675 3079 spe
701 2995 820 3059 ditioris
848 2994 989 3080 coniugis
1015 2993 1170 3078 promissa

142 3109 265 3152 exuere.
290 3086 443 3154 Octavius
458 3100 565 3152 contra
578 3089 671 3152 modo
686 3089 833 3171 conqueri
846 3088 940 3152 modo
958 3087 1102 3163 minitari,
1122 3085 1169 3151 fa

141 3204 226 3245 mam
247 3183 414 3266 perditam,
437 3183 603 3266 pecuniam
626 3183 811 3246 exhaustam
834 3181 1010 3256 obtestans,
1034 3181 1168 3262 denique

142 3275 287 3353 salutem,
307 3299 387 3359 quae
406 3277 473 3340 sola
490 3277 609 3359 reliqua
627 3285 723 3352 esset,
742 3275 868 3339 arbitrio
887 3274 953 3338 eius
971 3272 1168 3357 permittens3

141 3391 178 3433 ac
195 3380 363 3454 postquam
385 3371 603 3457 spernebatur,
625 3379 748 3434 noctem
772 3391 866 3432 unam
888 3368 929 3431 ad
951 3366 1096 3433 solatium
1112 3388 1169 3450 pc-

141 3464 213 3541 scit,
236 3487 300 3547 qua
316 3466 470 3529 delenitus
489 3465 617 3529 modum
635 3465 667 3528 in
684 3473 845 3548 posterum
862 3460 1032 3526 adhiberet.
1060 3461 1168 3524 statui-

139 3567 191 3620 tur
212 3580 288 3636 nox,
316 3569 348 3623 et
369 3559 484 3623 Pontia
510 3558 652 3623 consciae
679 3557 809 3622 ancillae
832 3555 1006 3620 custodiam
1032 3553 1168 3619 cubiculi

137 3653 281 3731 mandat3
299 3654 351 3717 ille
368 3677 432 3718 uno
446 3677 518 3717 cum
531 3653 641 3717 liberto
655 3652 774 3716 fenum
787 3661 875 3715 veste
894 3649 1050 3714 occultum
1062 3648 1165 3711 infert.

138 3756 219 3824 tum,
237 3758 272 3811 ut
291 3749 411 3813 adsolet
427 3750 460 3812 in
479 3770 583 3812 amore
603 3756 634 3810 et
650 3747 709 3824 ira,
728 3746 842 3832 iurgia,
862 3766 980 3829 preces,
1000 3742 1167 3827 exprobra-

139 3841 196 3917 tio,
225 3843 411 3920 satisfactio,
439 3853 470 3906 et
490 3865 564 3927 pars
587 3841 784 3906 tenebrarum
805 3839 928 3904 libidini
950 3836 1101 3921 seposita3
1128 3858 1167 3899 ea

137 3957 202 4017 quo
219 3936 366 4002 incensus
381 3937 458 4000 nihil
471 3946 662 4002 metuentem
675 3936 757 3999 ferro
772 3931 1003 3998 transverberat
1015 3943 1046 3995 et
1059 3952 1166 3994 accur-

136 4039 257 4093 rentem
275 4032 420 4096 ancillam
438 4032 566 4095 vulnere
588 4030 741 4095 absterret
758 4028 965 4111 cubiculoque
982 4025 1163 4111 prorumpit.

136 4133 263 4208 postera
280 4126 330 4189 die
352 4125 520 4191 manifesta
541 4125 666 4201 caedes,
690 4123 774 4188 haud
797 4121 963 4207 ambiguus
985 4142 1164 4205 percusa0r3

1323 354 1374 455 ,ἺΙ
