2760 4874
413 260 620 319 ANNALIUM
638 261 712 316 LIB.
726 261 764 316 11.
781 262 901 318 40-43.
1122 251 1161 317 61

134 368 156 408 ρ.
166 354 211 396 cu
220 355 256 394 rr.

133 421 329 489 Marcellum
345 416 550 505 flagrantibus
572 416 673 503 plebis
692 419 803 483 studiis
825 420 906 485 intra
922 421 1081 486 iuventam
1099 443 1166 486 ere-

134 528 243 604 ptum:
270 508 439 580 breves'et
458 511 612 576 mfaustos
634 512 743 597 populi
764 513 902 578 Romani
922 537 1053 580 amores.
1083 526 1167 580 cete-
1183 536 1215 582 42

135 633 207 675 rum
227 606 379 673 Tiberius
395 606 521 670 nomine
539 603 720 671 Germanici
743 616 883 671 trecenos
900 607 986 692 plebi
1008 610 1165 675 sestertios

136 702 255 767 viritim
280 700 369 766 dedit
394 721 491 784 seque
511 699 665 785 collegam
691 701 867 766 consulatui
892 702 960 766 eius
986 702 1165 781 destinavit3

136 819 196 863 nec
215 796 292 861 ideo
313 794 455 860 sincerae
472 793 609 859 caritatis
631 793 726 859 tidem
748 797 915 861 adsecutus
938 796 1059 861 amoliri
1079 796 1167 860 iuve-

137 913 211 956 nem
237 889 345 976 specie
374 887 502 953 honoris
529 887 638 953 statuit
668 890 843 973 smrxitque
869 912 981 956 causas
1007 899 1061 954 aut
1086 889 1167 954 forte

138 985 261 1051 oblatas
283 983 424 1070 arripuit.
453 1004 510 1047 rex
530 981 708 1048 Archelaus
730 985 1025 1072 quinquagesimum
1051 1006 1168 1049 annum

139 1077 347 1164 Cappadocia
363 1074 552 1162 potiebatur,
571 1076 692 1141 invisus
711 1077 852 1155 Tiberio,
871 1080 956 1162 quod
973 1082 1047 1143 euni
1062 1077 1168 1142 Rhodi

138 1182 286 1259 agentem
303 1170 389 1235 nullo
407 1169 512 1234 officio
534 1169 682 1235 coluisset
687 1196 696 1249 ;
718 1194 777 1236 nec
793 1173 828 1236 id
844 1172 1019 1238 Archelaus
1041 1194 1098 1257 per
1115 1194 1168 1236 su-

138 1266 282 1352 perbiam
304 1264 465 1340 omiserat,
489 1264 546 1329 sed
567 1263 608 1329 ab
624 1264 741 1329 intimis
759 1264 900 1354 Augusti
920 1267 1070 1343 monitus,
1094 1265 1168 1350 quia

139 1360 270 1425 florente
294 1356 332 1424 Ο.
353 1356 490 1423 Caesare
510 1357 672 1442 missoque
694 1360 734 1423 ad
755 1383 806 1425 res
829 1360 969 1428 Orientis
990 1361 1091 1425 intuta
1112 1360 1168 1424 Ti·

139 1453 219 1519 berii
235 1452 375 1517 amicitia¹
396 1450 594 1531 credebatur3
617 1462 652 1516 ut
673 1475 765 1519 versa
783 1453 956 1521 Caesarum
979 1454 1087 1519 subole
1108 1453 1167 1517 im-

138 1548 262 1634 parium
280 1547 412 1631 adeptus
430 1556 487 1623 est,
506 1546 590 1611 elicit
606 1544 799 1613 Archelaum
817 1550 924 1615 matris
943 1548 1066 1625 litteris,
1085 1569 1167 1631 quac

138 1664 202 1706 non
227 1640 434 1705 dissimulatis
459 1640 515 1704 lilii
537 1640 761 1706 offensionibus
784 1642 980 1708 clementiam
1006 1641 1166 1719 offerebat,

140 1735 168 1800 si
184 1735 229 1817 ad
244 1734 437 1820 precandum
458 1734 586 1799 veniret
612 1734 664 1799 ille
681 1736 809 1822 ignarus
832 1738 896 1802 doli
912 1738 962 1802 vel
967 1785 976 1815 ,
1000 1737 1028 1802 si
1048 1735 1168 1801 intelle-

138 1851 215 1916 gere
228 1829 413 1906 crederetur,
427 1828 492 1894 vim
504 1839 646 1894 metuens
660 1830 692 1894 in
707 1830 815 1897 urbem
828 1842 983 1919 properat,
1003 1841 1167 1916 exceptus-

138 1945 201 2008 que
218 1922 332 1987 immiti
348 1946 369 1988 a
384 1922 524 2009 principe
538 1933 570 1988 et
584 1946 659 1989 mox
673 1937 838 1992 accusatus
855 1928 888 1992 in
906 1935 1026 2004 senatu,
1044 1950 1108 1991 non
1125 1924 1166 1990 ob

138 2018 272 2083 crimina
288 2038 369 2101 quae
386 2016 599 2104 fingebantur,
618 2019 675 2083 sed
692 2043 822 2106 angore,
847 2021 939 2086 simul
956 2021 1060 2085 lessus
1079 2019 1166 2084 senio

138 2122 170 2178 et
185 2112 265 2196 quia
279 2110 408 2199 regibus
425 2134 539 2196 aequa,
562 2113 678 2177 nedum
695 2115 803 2179 infima
819 2115 945 2179 insolita
962 2122 1049 2190 sunt,
1072 2113 1167 2176 finem

137 2207 223 2270 vitae
240 2216 352 2291 sponte
369 2229 411 2270 an
431 2205 498 2270 fato
519 2206 669 2291 implevit.
695 2230 829 2294 regnum
850 2208 884 2271 in
905 2206 1097 2292 provinciam
1118 2226 1167 2267 re-
1183 2218 1212 2249 4·-

138 2300 267 2366 ductum
281 2310 337 2378 est,
351 2299 568 2384 fructibusque
581 2301 648 2366 eius
658 2302 755 2366 levari
768 2324 862 2387 posse
876 2299 1062 2365 centesimae
1071 2297 1167 2363 vecti-

137 2395 192 2480 gal
209 2394 372 2480 professus
393 2393 512 2460 Caesar
528 2396 775 2461 ducentesimam
791 2396 825 2459 in
841 2403 1002 2480 posterum
1020 2393 1136 2458 statuit

202 2487 268 2553 Per
296 2488 381 2553 idem
405 2497 529 2574 tempus
550 2487 710 2555 Antiocho
733 2489 1033 2575 Commagenorum,
1059 2486 1168 2551 Philo-

137 2592 248 2668 patore
275 2582 411 2649 Cilicum
435 2584 563 2671 regibus
594 2584 751 2650 defunctis
782 2582 988 2649 turbabantur
1013 2582 1165 2658 nationes,

137 2677 298 2764 plerisque
314 2677 507 2756 Romanum,
530 2678 600 2744 aliis
622 2679 744 2765 regium
765 2678 931 2764 imperium
953 2675 1166 2763 cupientibus3

138 2780 171 2836 et
186 2771 367 2856 provinciae
386 2769 479 2857 Syria
496 2781 590 2855 atque
607 2772 740 2851 Iudaea,
763 2773 868 2838 fessae
886 2770 1046 2848 oneribus,
1070 2769 1168 2835 demi-

137 2865 300 2930 nutionem
318 2864 425 2931 tn‘buti
443 2865 587 2945 orabant3
604 2866 700 2952 igitur
716 2867 795 2932 haec
812 2876 844 2931 et
861 2867 900 2931 de
917 2866 1069 2931 Armenia
1087 2885 1167 2949 quae
1184 2882 1217 2927 43

140 2981 237 3044 snpra
252 2959 424 3023 memoravi
446 2959 531 3044 apud
546 2968 651 3044 patres
674 2960 834 3036 dissensit,
856 2981 915 3024 nec
932 2981 1026 3045 posse
1047 2968 1167 3023 motum
1259 2963 1263 2969 ’

140 3049 307 3118 Orientem
331 3052 393 3116 nisi
420 3049 600 3118 Germanici
625 3053 778 3139 sapientia
804 3054 952 3139 conponi:
977 3076 1050 3117 nam
1077 3073 1167 3116 suam

139 3155 276 3212 aetatem
292 3168 431 3233 vergere,
450 3145 551 3212 Drusi
563 3148 702 3213 nondum
720 3149 796 3213 satis
814 3146 998 3212 adolevisse.
1021 3155 1096 3210 tunc
1113 3144 1168 3208 de-

139 3248 226 3304 creto
242 3249 368 3325 patrum
388 3240 560 3326 permissae
579 3239 768 3307 Germanico
790 3240 969 3327 provinciae
991 3260 1071 3323 quae
1088 3236 1167 3300 mari

140 3330 336 3413 dividuntur,
353 3335 518 3419 maiusque
534 3335 708 3420 imperium,
727 3357 853 3419 quoquo
871 3334 998 3410 adisset,
1015 3353 1110 3414 quam
1127 3329 1166 3393 iis

139 3426 195 3510 qui
212 3437 296 3493 sorte
313 3437 368 3492 aut
383 3428 485 3493 missu
501 3428 649 3514 principis
668 3429 852 3493 obtinerent.
876 3427 933 3493 sed
949 3424 1095 3492 Tiberius
1113 3423 1168 3486 de-

138 3530 283 3587 moverat
309 3519 404 3607 Syria
426 3521 585 3588 Creticum
609 3521 767 3601 Silanum,
793 3545 851 3608 per
876 3521 1066 3586 adfinitatem
1093 3539 1167 3582 con-

138 3637 258 3680 nexum
276 3613 479 3694 Germanico,
503 3617 576 3701 quia
595 3615 694 3682 Silani
716 3617 781 3681 lilia
801 3614 931 3692 Neroni,
953 3611 1166 3679 vetustissimo

138 3709 309 3775 liberorum
331 3710 412 3788 eius,
427 3708 528 3796 'pacta
549 3721 628 3789 erat,
649 3711 904 3797 praefeceratque
928 3707 986 3773 Cu
1005 3705 1164 3782 Pisonem,

138 3804 267 3890 ingenio
290 3805 462 3871 violentum
485 3816 516 3871 et
538 3806 681 3890 obsequii
705 3807 863 3893 ignarum,
890 3804 984 3869 insita
1008 3802 1125 3868 ferocia
1146 3825 1166 3867 a

138 3907 229 3984 patre
246 3897 378 3977 Pisone,
397 3899 450 3983 qui
469 3899 552 3964 civili
569 3900 651 3965 bello
668 3909 867 3987 resurgentes
885 3899 918 3963 in
932 3896 1044 3963 Africa
1059 3905 1164 3984 partes

139 3992 292 4059 acerrimo
312 3993 485 4059 ministerio
506 3993 656 4060 adversus
680 3993 849 4061 Caesarem
870 3993 962 4072 iuvit,
988 4014 1063 4057 mcx
1083 3991 1165 4056 Bru·
