2760 4874
401 379 606 438 auuamuu
623 380 776 461 murm.
795 383 913 438 13-17.
1007 348 1009 352 ⁴
1101 371 1165 438 205

141 484 163 524 p.
174 474 214 514 Ch.
226 474 258 512 te.

140 547 236 626 quam
244 540 386 616 Didium,
401 540 513 603 ducem
521 539 713 613 Romanum,
723 538 878 623 roburque
893 541 1046 606 exercitus
1060 540 1163 606 abisse

140 643 338 721 cognoverat,
358 634 481 698 relictos
498 634 531 696 in
544 656 625 698 novo
642 656 740 719 regno
755 632 860 719 Cotyn
871 636 997 700 iuventa
1010 635 1120 700 rudem
1134 650 1164 700 et

138 752 257 814 paucas
276 728 449 793 cohortium
464 751 535 792 curn
548 728 630 791 Iulio
643 727 770 812 Aquila,
790 729 893 810 equite
906 729 1059 807 Romano,
1078 752 1165 815 spre-

139 824 183 902 tis·
199 823 338 906 utrisque
360 823 482 889 concire
504 822 660 899 nationes,
684 823 799 887 illicere
820 822 984 909 perfugam
1006 834 1164 908 postremo

139 917 277 993 exercitu
296 926 403 981 coacto
420 938 528 1002 regem
540 915 794 980 Dandaridarum
812 916 956 981 exturbat
972 917 1164 1003 imperioque

138 1011 207 1076 cius
229 1011 354 1096 potitur.
381 1032 462 1092 quae
483 1009 538 1074 ubi
560 1010 686 1095 cognita
708 1019 740 1073 et
760 1010 823 1074 iam
844 1010 969 1094 iamque
986 1011 1165 1096 Bosporum

138 1106 305 1168 invasurus
323 1103 505 1181 habebatur,
526 1103 622 1167 diffisi
639 1104 771 1189 propriis
789 1104 907 1170 viribus
920 1103 1038 1188 Aquila
1056 1114 1087 1170 et
1101 1103 1165 1168 Co-

139 1210 205 1284 tys,
228 1199 302 1280 quia
319 1198 480 1273 Zorsines,
505 1195 684 1262 Siracorum
705 1221 774 1275 rex,
797 1198 923 1264 hostilia
943 1209 1163 1284 resumpserat,

139 1303 284 1357 externas
303 1303 334 1357 et
355 1292 416 1378 ipsi
437 1293 553 1378 gratias
576 1293 758 1375 quaesivere
779 1293 1018 1378 missialegatis
1041 1294 1082 1358 ad
1097 1293 1165 1357 Eu-

138 1409 254 1464 nonen,
273 1387 327 1470 qui
339 1386 515 1452 Aorsorum
532 1387 619 1471 genti
636 1387 845 1471 praesidebat:
863 1410 921 1452 nec
938 1388 999 1452 fuit
1015 1388 1049 1451 in
1066 1388 1163 1452 arduo

140 1481 274 1544 societas
292 1481 463 1566 potentiam
475 1480 653 1545 Romanam
671 1480 821 1546 adversus
838 1481 986 1546 rebellem
998 1481 1165 1545 Mithrida-

139 1584 194 1639 ten
211 1575 451 1652 ostentantibus3
469 1575 565 1660 igitur
576 1575 732 1661 pepigere,
752 1576 948 1660 equestribus
960 1575 1085 1661 proeliis
1098 1575 1165 1640 Eu-

138 1691 238 1733 nones
257 1678 400 1746 certaret,
420 1669 542 1733 obsidia
561 1669 683 1734 urbium
700 1669 836 1734 Romani
854 1681 1061 1756 capesserent.

205 1762 296 1827 Tunc
305 1763 477 1848 composito
487 1763 611 1848 agmine
624 1763 782 1842 incedunt,
797 1765 885 1829 cuius
895 1765 1029 1830 frontem
1038 1773 1069 1829 et
1077 1773 1165 1849 terga
1186 1784 1215 1830 16

138 1857 250 1934 Aorsi,
273 1857 377 1921 media
394 1857 537 1922 cohortes
556 1866 587 1921 et
604 1857 780 1943 Bosporani
802 1858 983 1924 tutabantur
999 1850 1114 1923 nostris
1132 1859 1165 1922 in

139 1951 249 2015 armis:
264 1951 309 2015 sic
321 1951 431 2035 pulsus
445 1950 559 2028 hostis;
573 1960 763 2034 ventumque
778 1949 904 2030 Sozam,
918 1951 1165 2037 oppidumDan-

139 2045 277 2122 doricae,
301 2045 386 2127 quod
408 2046 565 2110 desertum
584 2069 602 2110 a
619 2045 802 2111 Mithridate
824 2047 864 2111 ob
882 2046 1165 2132 ambiguospopu-

139 2138 253 2202 larium
269 2139 404 2217 animos,
429 2137 561 2204 obtineri
577 2141 685 2204 relicto
702 2140 747 2205 ibi
768 2141 923 2226 praesidio
940 2141 1057 2218 visum3
1081 2141 1164 2204 exim

138 2233 172 2295 in
189 2229 313 2298 Siracos
326 2243 471 2319 pergunt,
491 2243 522 2298 et
535 2235 722 2320 transgressi
735 2257 859 2299 amnem
871 2234 1016 2298 Pandam
1033 2234 1165 2298 circum-

139 2326 269 2389 veniunt
285 2326 396 2391 urbem
413 2327 539 2412 Uspen,
563 2328 678 2392 editam
695 2329 765 2394 loco
784 2338 814 2393 et
831 2328 1050 2414 moenibusac
1068 2326 1163 2391 fossis

138 2419 306 2497 munitam,
328 2420 390 2484 nisi
407 2421 492 2504 quod
507 2421 632 2486 moenia
654 2445 719 2486 non
741 2445 818 2487 saxo
837 2422 893 2487 sed
915 2421 1052 2487 cratibus
1070 2430 1101 2485 et
1117 2421 1165 2485 vi-

138 2513 252 2578 mentis
263 2536 299 2578 ac
308 2514 411 2579 media
419 2515 515 2580 humo
525 2516 692 2581 adversum
700 2516 906 2601 irrumpentes
915 2515 1052 2580 invalida
1061 2522 1162 2592 erant;

138 2607 331 2690 eductaeque
344 2608 437 2673 altius
451 2619 551 2674 turres
565 2610 687 2675 facibus
701 2619 795 2692 atque
812 2609 911 2675 hastis
929 2608 1096 2674 turbabant
1109 2607 1165 2672 ob-

138 2723 259 2778 sessos,
282 2724 319 2766 ac
336 2703 369 2765 ni
385 2703 539 2791 proelium
556 2728 619 2769 nox
636 2705 826 2783 diremisset,
850 2713 960 2789 coepta
981 2711 1164 2788 patrataque

138 2795 330 2880 expugnatio
348 2797 482 2860 eundem
500 2798 581 2862 intra
598 2799 682 2863 diem
699 2799 789 2865 foret.
895 2844 898 2848 -

202 2889 335 2954 Postero
349 2891 461 2955 misere
474 2891 605 2977 legatos,
619 2894 744 2958 ueniam
756 2893 861 2959 liberis
870 2891 1058 2978 *corporibus
1070 2914 1164 2956 oran-
1184 2911 1213 2956 Π

137 2992 203 3059 tes3
227 2984 343 3048 servitii
365 2985 474 3049 decem
496 2986 582 3051 milia
603 2987 789 3052 offerebant:
808 2987 897 3072 quod
918 2986 1075 3072 aspernati
1093 2995 1186 3049 sunt·

138 3077 280 3154 victores,
300 3078 373 3161 quia
386 3079 540 3144 trucidare
558 3080 679 3145 deditos
698 3103 839 3158 saevum,
856 3091 976 3144 tantam
992 3078 1165 3142 multitudi-

137 3192 212 3236 nem
234 3171 374 3259 custodia
396 3172 521 3258 cingere
543 3174 689 3238 arduum:
712 3183 746 3238 ot
766 3174 841 3239 belli
862 3174 966 3259 potius
983 3173 1051 3236 iure
1073 3171 1165 3234 cade-

137 3273 222 3340 rent;
248 3264 416 3348 datumque
443 3266 608 3345 militibus,
636 3269 690 3350 qui
713 3268 805 3333 scalis
832 3275 1009 3343 evaserant,
1037 3265 1164 3349 signum

138 3358 253 3422 caedis.
277 3359 397 3423 excidio
410 3359 605 3445 Uspensium
618 3371 719 3426 metus
738 3351 848 3426 ceteris
861 3361 1002 3436 iniectus,
1021 3358 1098 3422 nihil
1116 3367 1164 3420 tu-

137 3463 206 3515 tum
223 3453 312 3530 ratis,
332 3475 403 3517 cum
421 3477 521 3531 arma,
540 3455 746 3531 munimenta,
765 3454 907 3539 impediti
923 3452 975 3517 vol
992 3452 1163 3516 eminentes

136 3545 209 3622 loci,
228 3569 397 3630 amnesque
416 3557 447 3613 et
463 3548 557 3613 urbes
570 3549 658 3612 iuxta
674 3557 960 3634 perrumperentur;
977 3547 1073 3632 igitur
1087 3544 1164 3608 Zor-

137 3639 237 3716 sines,
260 3640 315 3703 diu
335 3641 492 3726 pensitato
508 3642 740 3707 Mithridatisne
760 3642 855 3707 rebus
878 3640 1024 3705 extremis
1047 3662 1087 3703 an
1108 3660 1164 3723 pa·

137 3733 198 3796 trio
214 3754 312 3818 regno
325 3736 509 3813 consuleret,
528 3745 694 3822 postquam
707 3735 880 3822 praevaluit
892 3733 1017 3820 gentilis
1035 3731 1162 3806 utilitas,

137 3828 220 3893 datis
239 3829 401 3896 obsidibus
419 3831 503 3917 apud
521 3832 660 3917 effigiem
678 3831 824 3914 Caesaris
846 3827 1024 3916 procubuit,
1047 3850 1163 3912 magna

136 3922 239 4008 gloria
251 3925 405 3989 exercitus
419 3926 563 4004 Romani,
582 3948 677 4009 quem
689 3925 884 3990 incruentum
903 3933 934 3988 et
946 3923 1095 3987 victorem
1110 3921 1163 3984 tri-

136 4017 193 4081 dui
206 4017 314 4084 itinere
324 4018 464 4086 abfuisse
478 4021 517 4086 ab
532 4044 622 4086 amne
632 4020 731 4086 Tanai
741 4020 887 4085 constitit.
907 4018 960 4083 sed
975 4018 1009 4081 in
1016 4036 1162 4102 regressu

135 4111 245 4197 dispar
262 4111 386 4180 fortuna
403 4115 475 4193 fuit,
499 4116 571 4199 quia
588 4114 715 4180 navium
733 4114 899 4198 quasdam,
923 4134 1002 4197 quae
1020 4111 1098 4179 mari
1114 4131 1163 4175 rc-
