2760 4874
187 407 189 410 .
421 351 629 410 ANNALIUM
646 351 720 406 LIB.
736 353 800 408 XV.
821 355 843 406 1.
854 354 878 406 2.
1097 335 1160 402 285

136 457 157 495 p.
168 445 278 564 elidite
290 509 361 562 haec
375 513 441 562 sunt
454 506 535 562 annis
549 507 644 576 paullo
660 505 780 576 amplius
794 505 898 574 tribus,
917 503 947 559 0.
961 504 1091 559 Memmio
1106 503 1160 557 Re-

135 588 214 657 gulo,
224 584 360 656 Verginio
371 581 744 653 Rufo;O.Laeoaniossasso,
755 582 909 656 M.Licini0
921 582 1023 640 Crasso
1031 598 1038 650 ς
1047 581 1079 635 Ρ.
1091 579 1159 634 Silio

136 658 245 734 Nerva,
256 662 285 718 Ο.
296 663 369 717 Iulio
379 661 474 717 Attico
484 662 605 719 Vestino
616 679 688 716 coss.

546 789 629 796 α.-

181 865 328 933 ‚Interea
340 888 396 928 rex
413 864 601 929 Parthorum
620 864 795 951 Vologeses
819 865 951 950 cognitis
972 862 1160 928 Corbulonis
1182 881 1192 925 1

135 959 229 1024 rebus
246 981 415 1045 regemque
438 959 647 1044 alienigenam
665 959 825 1045 Tigranen
842 958 1012 1022 Armeniae
1034 955 1162 1040 imposi-

136 1065 216 1130 tum,
249 1053 342 1117 simul
368 1053 463 1118 fratre
490 1053 629 1118 Tiridate
655 1054 747 1138 pulso
774 1063 913 1138 spretum
938 1051 1162 1115 Arsacidarum

136 1146 299 1232 fastigium
315 1147 360 1210 ire
378 1147 478 1210 ultum
496 1148 618 1225 volens,
642 1148 856 1233 magnitudine
878 1169 1002 1211 rursum
1019 1136 1163 1209 Romana

137 1251 168 1304 et
186 1241 324 1305 continui
342 1240 478 1319 foederis
500 1243 673 1306 reverentia
690 1243 829 1306 diversas
853 1241 893 1304 ad
911 1263 1001 1304 ouras
1020 1237 1163 1303 traheba-

138 1345 200 1411 tur,
225 1343 385 1399 cunctator
406 1335 533 1421 ingenio
556 1344 586 1399 et
608 1335 782 1400 defectione
804 1335 1037 1420 Hyrcanorum,
1061 1332 1162 1418 gentis

138 1428 269 1505 validae,
288 1429 456 1512 multisque
475 1452 564 1495 exeo
579 1430 668 1495 bellis
687 1431 834 1517 illigatus.
858 1440 951 1513 atque
965 1430 1052 1493 illum
1066 1426 1164 1492 ambi-

136 1545 236 1608 guum
249 1545 349 1587 novus
362 1523 490 1608 insuper
502 1524 629 1588 nuntius
644 1524 849 1589 contumeliae
859 1523 1033 1588 extimulat:
1048 1521 1163 1606 quippe
1208 1574 1210 1579 ,

138 1638 284 1701 egressus
302 1616 455 1681 Armenia
472 1617 625 1704 Tigranes
643 1617 841 1696 Adiabenos,
864 1616 1087 1683 conterminam
1109 1638 1165 1678 na-

104 1720 105 1724 ’
138 1709 267 1787 tionem,
290 1710 383 1775 latius
402 1733 440 1776 ao
461 1711 578 1776 diutius
600 1734 695 1796 quam
716 1734 773 1798 per
793 1713 956 1777 latrocinia
977 1719 1162 1789 vastaverat,

138 1803 232 1886 idque
249 1805 400 1888 primores
424 1807 565 1891 gentium
583 1829 677 1892 aegre
695 1806 881 1883 tolerabant,
905 1828 942 1870 eo
961 1803 1165 1888 contemptio-

138 1896 186 1961 nis
205 1898 445 1963 descensumt
410 1909 445 1963 ut
462 1922 502 1964 ne
520 1900 599 1964 duce
617 1900 745 1983 quidem
761 1901 905 1965 Romano
922 1901 1163 2006 incursarentur,

140 1991 197 2055 sed
214 1991 335 2077 temerit
336 2001 386 2054 ate
400 1991 518 2056 obsidis
537 2002 582 2057 tot
597 2016 655 2078 per
671 2016 770 2058 annos
788 1993 821 2057 in
822 2004 868 2058 ter
885 1990 1039 2077 mancipia
1056 1990 1163 2054 habiti.

140 2068 329 2148 accendebat
342 2084 480 2149 dolorem
487 2107 601 2150 eorum
615 2085 824 2163 Monobazus,
843 2108 938 2169 quem
955 2106 1052 2172 penes
1065 2082 1165 2145 Adia-

140 2177 256 2241 benum
276 2177 431 2263 regimen,
455 2179 540 2262 quod
560 2180 751 2264 praesidium
773 2190 827 2244 aut
814 2180 1001 2243 tundet
948 2200 987 2263 pe
989 2185 1066 2241 ttere
1082 2177 1166 2284 rogi-

140 2282 219 2335 tans.
246 2271 309 2335 iam
327 2273 367 2336 de
384 2271 537 2336 Armenia
554 2295 753 2384 concessum,
776 2275 919 2359 proxima
941 2272 1035 2349 trahi3
1058 2281 1089 2334 et
1105 2270 1166 2333 nisi

140 2366 309 2430 defendant
325 2365 449 2444 Parthi,
472 2368 572 2433 levius
591 2369 751 2434 servitium
773 2369 858 2454 apud
874 2369 1035 2433 Romanos
1053 2364 1166 2430 deditis

140 2481 235 2543 quam
257 2470 329 2546 capt
329 2460 357 2525 is
381 2484 462 2527 esse.
492 2458 614 2530 Tiridat
602 2475 648 2529 tes
675 2485 800 2547 quoque
826 2463 915 2549 regni
935 2460 1089 2546 profugus
1112 2481 1168 2559 per

141 2554 296 2618 silentium
311 2565 366 2618 aut
353 2556 499 2621 tmodice
512 2559 701 2644 querendo,7
682 2559 806 2623 oravior
819 2567 898 2623 erat:
912 2579 974 2620 non
984 2554 1066 2618 enim
1078 2554 1168 2638 igna-

141 2647 192 2710 via
208 2671 324 2734 magna
335 2648 467 2734 imperia
480 2651 644 2730 contineri3
663 2653 817 2717 virorum
814 2669 1037 2732 armorumque
1050 2647 1168 2712 facien-

141 2741 216 2804 dum
238 2752 407 2822 certamem
430 2746 463 2809 id
484 2746 517 2810 in
540 2770 663 2812 summa
685 2748 810 2812 fortuna
832 2745 962 2829 aequius
985 2743 1070 2828 quod
1091 2741 1168 2806 vali·

141 2835 364 2914 dius3etesua
384 2840 516 2906 retinere
537 2841 677 2926 privatae
703 2843 828 2923 domus,
856 2841 895 2906 de
918 2839 1027 2913 alienis
1050 2848 1168 2904 certare

141 2929 260 3014 regiam
278 2932 405 2998 laudem
422 2957 501 3000 esse.
953 2962 955 2967 ·

200 3023 302 3110 Igitur
311 3031 543 3096 commotlnsus
553 3031 729 3140 Vologeses
739 3031 904 3097 concilium
918 2990 1051 3094 vocatet
1063 3026 1169 3112 proxi·
1187 3045 1202 3091 a

142 3140 229 3180 mum
248 3118 478 3186 sibiTiridaten
497 3126 644 3189 constitu1
612 3135 768 3208 urtatque
781 3127 826 3189 ita
839 3124 920 3188 ordit
908 3134 971 3187 tur:
991 3122 1094 3200 „huno
1108 3144 1168 3206 ego

143 3212 253 3275 eodem
266 3234 389 3277 mecum
398 3227 486 3299 patre
499 3219 650 3302 genitum,
665 3242 738 3283 cum
751 3219 828 3283 mihi
838 3241 894 3303 per
903 3226 1035 3282 aetatem
1046 3239 1169 3279 summo

143 3305 268 3369 nomine
281 3309 498 3387 concessisset,
512 3311 545 3373 in
557 3313 790 3397 possessionem
796 3312 965 3376 Armeniae
979 3310 1105 3393 deduxi,
1115 3311 1169 3392 qui

143 3399 252 3463 tertius
271 3402 427 3492 potentiae
441 3405 557 3489 gradus
572 3406 718 3471 habetur:
736 3430 809 3470 nam
817 3405 933 3470 Medos
942 3404 1083 3468 Pacorus
1098 3413 1170 3467 ante

144 3505 281 3577 ceperat3
301 3496 492 3580 videbarque
510 3509 618 3564 contra
640 3500 900 3576 vetera-fratrum
924 3499 996 3563 odia
1018 3508 1049 3561 et
1071 3507 1170 3562 certa-

143 3587 228 3683 mina
245 3589 382 3656 familiae
399 3602 524 3658 nostrae
542 3605 671 3679 penates
684 3597 743 3660 rite
757 3594 985 3680 composuisse:
1003 3593 1170 3678 prohibent

143 3680 278 3746 Romani
292 3694 322 3748 et
335 3708 446 3770 pacem
459 3711 630 3771 numquam
642 3691 720 3776 ipsis
733 3690 882 3776 prospere
895 3689 1073 3754 lacessitam
1087 3710 1169 3751 nunc

144 3797 268 3860 quoque
295 3780 327 3842 in
354 3781 482 3845 exitium
510 3807 601 3848 suurn
632 3785 830 3870 abrumpunt.
871 3806 933 3847 non
960 3782 1013 3847 ibo
1039 3782 1168 3847 infitias:

145 3874 299 3954 acquitate
317 3896 412 3958 quam
427 3879 588 3963 sanguine,
608 3903 704 3946 causa
717 3903 812 3964 quam
827 3879 922 3943 armis
935 3877 1067 3943 retinere
1080 3888 1170 3963 parta

144 3967 314 4032 maioribus
337 3971 507 4040 malueram
514 3997 523 4050 ;
550 3974 577 4038 si
599 3976 795 4041 cunctatione
813 3972 943 4055 deliqui,
967 3971 1079 4035 virtute
1102 3994 1170 4038 cor-

144 4061 259 4147 rigam:
283 4073 387 4128 vcstra
404 4067 531 4149 quidem
549 4069 596 4135 vis
615 4080 649 4135 et
663 4071 763 4157 gloria
780 4070 813 4134 in
834 4069 956 4155 integro
975 4076 1036 4146 est,
1064 4067 1170 4132 addita
