2760 4874
397 399 602 458 ANNALIUM
618 399 692 454 LIB.
705 400 728 454 1.
746 400 866 456 24-28.
1101 388 1140 452 17

115 507 138 546 ρ.
148 493 191 537 ca
202 493 236 535 ιι.

115 562 257 647 quiesset
270 559 402 636 animus,
422 567 563 622 acturum
576 558 659 643 apud
672 567 775 642 patres
790 559 829 622 de
841 558 1005 643 postulatis
1019 580 1140 636 eorum3

115 656 243 721 misisse
258 653 381 718 interim
397 652 506 729 filium,
525 661 559 715 ut
573 652 639 716 sine
657 651 853 716 cunctatione
867 653 1048 717 concederet
1061 675 1141 737 quae

117 749 225 816 statim
237 746 332 812 tribui
343 754 472 833 possent
476 770 485 823 3
503 754 606 810 cetera
619 745 740 810 senatui
754 746 915 823 servanda,
934 767 1028 829 quem
1040 767 1142 830 neque

116 842 237 930 gratiae
254 862 356 924 neque
374 838 548 906 severitatis
566 849 725 924 expertem
742 837 851 903 haberi
867 861 925 925 par
942 848 1034 903 esset.

181 935 383 1020 Responsum
396 942 444 997 est
459 955 478 996 a
491 933 633 997 contione
646 932 793 997 mandata
802 931 958 997 Clementi
971 933 1142 997 centurioni
1160 952 1192 1000 26

116 1050 198 1113 quae
215 1028 375 1114 perferret.
397 1026 424 1091 is
443 1026 560 1091 orditur
576 1026 776 1090 demissione
794 1049 814 1090 a
832 1026 968 1090 sedecim
985 1026 1084 1103 annis,
1103 1027 1142 1090 de

116 1122 265 1208 praemiis
282 1120 387 1185 finitae
404 1120 546 1198 militiae3
567 1129 603 1183 ut
619 1119 764 1184 denarius
786 1120 932 1183 diurnum
954 1118 1143 1204 stipendium

116 1217 214 1294 foret3
237 1237 277 1279 ne
300 1214 440 1279 veterani
462 1213 521 1279 sub
543 1214 657 1279 vexillo
678 1213 875 1278 haberentur.
903 1214 943 1278 ad
961 1236 999 1278 ea
1015 1213 1142 1278 Drusus

118 1333 193 1375 cum
210 1307 372 1375 arbitrium
390 1317 516 1373 senatus
535 1317 567 1371 et
587 1308 684 1393 patris
708 1306 903 1388 obtenderet,
927 1307 1062 1372 clamore
1079 1315 1143 1370 tur-

117 1403 225 1468 batur:
252 1424 308 1467 cur
328 1400 480 1478 venisset,
507 1422 609 1484 neque
631 1402 783 1487 augendis
808 1401 942 1466 militurn
969 1400 1141 1486 stipendiis,

118 1514 224 1580 neque
248 1496 430 1560 adlevandis
455 1494 628 1572 laboribus,
655 1495 789 1578 denique
815 1495 901 1559 nulla
925 1486 1144 1581 benefacieffli

118 1590 263 1654 licentia?
280 1599 312 1654 at
328 1589 457 1654 hercule
466 1587 599 1653 verbera
616 1598 647 1652 et
663 1611 773 1653 necem
786 1589 905 1654 cunctis
918 1589 1064 1674 permitti.
1088 1588 1143 1652 Ti-

118 1683 242 1748 berium
259 1683 333 1748 olim
349 1684 475 1748 nomine
492 1681 633 1769 Augusti
650 1682 803 1748 desideria
824 1684 984 1770 legionum
1001 1683 1143 1747 frustrari

120 1777 260 1843 solitum:
279 1779 405 1842 easdem
418 1787 499 1842 artes
512 1776 656 1841 Drusum
668 1777 835 1842 rettulisse.
857 1799 1068 1860 numquamne
1080 1777 1143 1841 nisi

120 1874 162 1938 ad
183 1895 218 1938 se
239 1872 320 1938 filios
346 1872 534 1937 familiarum
555 1872 722 1938 venturos?
746 1895 864 1938 novum
885 1872 919 1937 id
939 1872 1032 1959 plane
1058 1874 1144 1957 quod

119 1967 289 2052 imperator
310 1964 377 2030 sola
393 1965 500 2029 militis
522 1967 686 2030 commoda
703 1965 743 2030 ad
762 1976 904 2030 senatum
924 1966 1045 2044 reiciat,
1068 1988 1144 2030 eun-

120 2061 194 2125 dem
220 2082 295 2146 ergo
322 2068 464 2124 senatum
490 2059 715 2123 consulendum
741 2060 884 2142 quotiens
912 2058 1064 2145 supplicia
1089 2070 1143 2123 aut

119 2152 239 2239 proelia
259 2153 446 2217 indicantur:
470 2175 511 2216 an
532 2153 672 2237 praemia
693 2152 752 2218 sub
770 2153 917 2230 dominis,
940 2174 1057 2238 poenas
1076 2152 1143 2216 sine

122 2246 238 2312 arbitro
257 2246 347 2311 esse?

184 2341 351 2406 Postremo
376 2341 524 2405 deserunt
548 2340 696 2418 tribuual,
722 2350 758 2405 ut
783 2340 854 2424 quis
879 2340 1144 2426 praetorianorum
1161 2359 1193 2406 ar

120 2435 256 2498 militum
273 2433 483 2498 amicorumve
496 2432 641 2500 Caesaris
660 2444 842 2512 occurreret,
861 2456 972 2498 manus
990 2434 1146 2497 intentan-

120 2539 183 2607 tes,
206 2551 334 2593 causam
355 2529 529 2593 discordiae
551 2539 582 2593 et
603 2529 725 2594 initium
747 2551 917 2605 armorum,
940 2527 1075 2591 maxime
1096 2527 1145 2590 in-

120 2622 205 2687 fensi
218 2621 279 2688 Cn.
292 2622 438 2700 Lentulo,
458 2623 542 2705 quod
554 2623 582 2687 i's
596 2632 667 2687 ante
681 2621 757 2687 alios
776 2631 877 2687 aetate
895 2629 926 2685 et
943 2620 1043 2706 gloria
1059 2618 1143 2696 belli,

119 2715 245 2780 firmare
262 2714 404 2780 Drusum
422 2714 606 2780 credebatur
622 2726 654 2780 et
670 2716 724 2779 illa
745 2715 872 2779 militiae
889 2714 1008 2800 flagitia
1023 2712 1143 2798 primus

120 2807 296 2894 aspernari3
317 2829 376 2872 nec
397 2808 495 2872 multo
516 2817 589 2894 post
611 2809 835 2894 digredientem
858 2830 929 2873 curn
948 2806 1084 2872 Caesare
1107 2827 1144 2870 ac

121 2902 252 2988 provisu
267 2901 397 2987 periculi
418 2902 549 2967 hiberna
570 2913 672 2968 castra
689 2912 881 2988 repetentem
902 2901 1143 2978 circumsistunt,

122 2997 369 3082 rogitantesque
385 2996 547 3081 pergeret?
564 2997 605 3061 ad
620 2997 839 3082 imperatorem
856 3019 896 3060 an
912 2996 954 3060 ad
969 2994 1094 3080 patres?
1110 3003 1145 3057 ut
1186 2995 1187 2998 ’

122 3089 187 3153 illic
208 3107 332 3172 quoque
354 3089 525 3154 commodis
548 3089 706 3176 legionum
728 3089 962 3154 adversaretur?
985 3087 1078 3152 simul
1097 3087 1146 3150 in-

124 3192 249 3269 gruunt,
269 3205 345 3246 saxa
356 3182 486 3247 iaciunt:
503 3183 628 3268 iamque
640 3184 753 3269 lapidis
766 3184 831 3248 ictu
847 3192 993 3248 cruentus
1011 3192 1042 3247 et
1059 3181 1146 3251 exitii

125 3285 229 3341 certus
251 3276 386 3341 adcursu
411 3276 616 3343 multitudinis
643 3300 724 3362 quae
750 3300 822 3342 cum
843 3277 951 3342 Druso
978 3277 1146 3341 advenerat

124 3379 283 3455 protectus
302 3379 359 3435 est.
890 3417 893 3424 .
1137 3389 1139 3396 ·

188 3464 320 3529 Noctem
341 3464 495 3530 minacem
513 3476 545 3530 et
565 3467 599 3530 in
616 3467 717 3532 scelus
740 3475 919 3552 erupturam
936 3465 1001 3529 fors
1023 3462 1144 3527 lenivit:
1164 3479 1196 3528 28

124 3580 199 3622 nam
220 3557 296 3622 luna
316 3558 400 3624 claro
421 3570 548 3645 repente
570 3560 656 3625 caelo
674 3560 743 3625 visa
763 3560 979 3646 languescere3
1001 3558 1035 3621 id
1056 3556 1145 3620 miles
1191 3623 1193 3626 ,
1271 3550 1279 3565 ’

125 3651 254 3716 rationis
271 3652 400 3738 ignarus
417 3676 509 3718 omen
525 3655 734 3740 praesentium
756 3655 890 3739 accepit,
910 3648 958 3738 [a]
977 3651 1042 3715 suis
1059 3649 1147 3714 labo·
1193 3682 1196 3688 ·

125 3744 212 3810 ribus
230 3744 437 3812 defectionem
451 3748 560 3812 sideris
574 3747 775 3824 adsimulans,
793 3766 1002 3831 prospereque
1020 3765 1147 3810 cessura

126 3860 207 3922 quae
218 3850 393 3926 pergerent,
413 3840 440 3906 si
453 3841 558 3928 fulgor
574 3851 606 3906 et
619 3840 769 3905 claritudo
783 3841 860 3903 deae
877 3839 1070 3915 redderetur3
1088 3836 1148 3922 igi-

127 3940 177 3996 tur
197 3933 278 3998 aeris
302 3956 392 4012 sono,
417 3933 565 4016 tubarum
587 3955 798 4017 cornuumque
821 3940 973 3997 concentu
995 3940 1145 4016 strepere3

124 4035 218 4110 prout
236 4027 425 4112 splendidior
438 4027 646 4106 obscuriorve,
663 4028 771 4093 laetari
783 4036 838 4091 aut
849 4048 1000 4104 maerere3
1019 4036 1051 4090 et
1061 4036 1147 4111 post-

126 4138 222 4202 quam
248 4128 334 4185 ortae
359 4120 460 4190 nubes
486 4121 623 4188 offecere
644 4122 727 4187 visui
753 4121 966 4205 creditumque
992 4120 1147 4185 conditam
1191 4208 1193 4214 Χ

180 4235 252 4280 Taciti
260 4235 303 4280 aot.
312 4233 330 4277 1.
960 4231 978 4286 2

551 4453 700 4531 ‚p
