2760 4874
417 393 622 451 ANNALIUM
639 394 712 448 LIB.
730 395 779 451 IV.
797 396 881 450 6-9.
1101 385 1162 449 119

157 515 163 527 .
175 486 215 527 cs.
224 486 257 525 2³.

141 499 172 618 lt
188 553 270 615 ultor
287 549 483 615 metuebatur
504 572 566 613 non
585 549 724 615 occultus
743 551 806 614 odii
825 544 881 615 sed
902 552 1010 617 crebro
1028 575 1160 637 querens

140 644 287 709 incolumi
304 644 368 710 filio
386 644 558 707 adiutorem
574 643 696 726 imperii
714 643 809 706 alium
826 645 944 709 vocari:
963 647 1162 728 et'qu'antum

140 760 304 824 superesse
326 747 361 800 ut
383 736 503 822 collega
529 735 668 799 dicatur?
692 737 812 821 primas·
832 738 1012 802 dominandi
1035 762 1107 825 spes
1128 740 1161 803 in

139 833 250 897 arduo:
273 830 329 895 ubi
347 830 390 895 sis
412 831 587 916 ingressus,
611 829 722 894 adesse
745 831 848 894 studia
866 842 896 895 et
914 832 1085 910 ministros3
1108 847 1161 897 ex-

140 934 256 991 structa
272 925 335 988 iam
358 934 467 1008 sponte
489 923 639 1009 praefecti
656 933 771 1002 castra,
794 925 883 990 datos
905 926 938 989 in
955 949 1082 990 manum
1104 927 1162 989 mi·
1281 981 1289 998 ,

139 1021 223 1097 lites3
254 1018 339 1082 cerni
369 1017 507 1103 effigiem
534 1017 601 1081 eius
627 1018 660 1081 in
689 1019 887 1084 monimentis
914 1017 974 1083 Cn.
1001 1018 1159 1105 Pompeii3

139 1134 319 1178 communes
341 1110 386 1175 illi
408 1133 480 1174 cum
502 1109 621 1175 familia
637 1110 815 1175 Drusorum
837 1112 903 1177 fore
925 1121 1068 1197 nepotes:
1090 1134 1161 1198 pre-

139 1206 271 1271 candam
291 1215 363 1290 post
384 1204 462 1269 haee
483 1204 683 1282 modestiam,
704 1217 742 1268 ut
759 1214 920 1270 contentus
939 1215 1031 1270 esset
1058 1228 1160 1289 neque

138 1322 207 1365 raro
224 1321 326 1382 neque
348 1298 433 1383 apud
446 1319 567 1382 ‘paucos
587 1298 660 1362 talia
681 1297 827 1377 iaciebat,
850 1308 881 1363 et
900 1309 1019 1364 secreta
1035 1321 1159 1383 quoque

139 1393 206 1457 eius
224 1400 368 1476 corrupta
385 1412 483 1455 uxore
499 1389 720 1475 prodebantur.
808 1416 814 1431 ·
996 1455 1000 1461 ,

201 1485 303 1571 Igitur
317 1483 450 1549 Seianus
464 1485 683 1548 maturandum
695 1493 781 1548 ratus
800 1484 908 1570 deligit
925 1507 1080 1550 vencnum
1098 1507 1160 1568 quo
1178 1508 1193 1555 8

137 1579 287 1664 paulatim
295 1578 454 1663 inrepente
463 1577 609 1642 fortuitus
618 1577 745 1642 morbus
755 1577 1005 1656 adsimularetur3
1014 1578 1161 1643 idDruso
1207 1603 1211 1609 ·

138 1674 246 1736 datum
262 1694 318 1757 per
334 1672 486 1757 Lygdum
504 1673 689 1756 spadonem,
708 1680 743 1736 ut
760 1682 830 1736 octo
847 1682 919 1757 post
936 1692 1034 1738 annos
1054 1675 1179 1759 cogni-·

138 1776 205 1830 tum
222 1775 279 1830 est.
303 1773 440 1829 ceterum
454 1765 598 1829 Tiberius
612 1788 668 1850 per
681 1788 788 1830 omnes
803 1766 981 1830 valitudinis
1001 1767 1068 1831 eius
1082 1768 1159 1845 dies,

136 1858 221 1922 nullo
239 1867 325 1922 metu
342 1882 382 1922 an
399 1868 435 1921 ut
451 1858 673 1923 firmitudinem
691 1859 786 1923 animi
798 1868 976 1944 ostentaret,
996 1860 1089 1923 etiam
1106 1860 1161 1924 de-

137 1951 245 2015 funeto
266 1952 401 2017 necdum
425 1951 560 2037 sepulto,
588 1952 706 2016 curiam
727 1952 888 2036 ingressus
911 1961 972 2029 est,
1001 1952 1160 2022 consules-

137 2067 198 2128 que
217 2045 291 2109 sede
312 2044 434 2130 vulgari
451 2068 508 2130 per
526 2046 662 2130 speciem
679 2046 851 2110 maestitiae
871 2047 1014 2110 sedentes
1032 2045 1159 2110 honoris

137 2137 258 2220 locique
284 2138 445 2202 admonuit
467 2148 498 2202 et
519 2139 655 2203 effusum
680 2139 713 2202 in
738 2139 881 2204 lacrimas
909 2148 1051 2202 senatum
1078 2139 1160 2202 victo

137 2231 257 2317 gemitu
282 2230 374 2296 simul
400 2232 538 2296 oratione
561 2231 707 2296 continua
729 2231 839 2294 erexit:
866 2253 930 2295 non
951 2231 1077 2315 quidem
1100 2229 1161 2294 sibi

137 2326 282 2409 ignarum
306 2346 400 2409 posse
427 2325 530 2410 argui,
559 2325 644 2408 quod
670 2334 734 2388 tam
759 2321 875 2388 recenti
901 2324 1008 2388 dolore
1027 2322 1161 2395 subierit

137 2417 244 2482 oculos
267 2428 406 2482 senatus:
434 2420 488 2482 vix
510 2420 752 2504 propinquorum
776 2417 921 2500 adloquia
941 2417 1080 2493 tolerari,
1096 2416 1161 2479 ¹uin

136 2511 219 2574 diem
237 2511 335 2595 aspici
353 2535 372 2575 a
388 2512 545 2596 plerisque
562 2512 749 2598 lugentium3
772 2533 874 2594 neque
891 2511 961 2575 illos
977 2509 1161 2574 inbecillita

137 2605 176 2668 tis
199 2603 406 2669 damnandos:
434 2629 468 2670 se
486 2615 591 2670 tamen
611 2606 740 2670 fortiora
766 2605 878 2670 solatia
894 2627 912 2668 e
929 2604 1094 2689 complexu
1114 2603 1161 2666 rei
1209 2613 1216 2627 ¹

136 2696 283 2782 publicae
297 2698 456 2782 petivisse.
485 2700 710 2782 miseratusque
728 2697 894 2784 Augustae
916 2708 1089 2762 extremam
1112 2717 1161 2761 se-

136 2799 269 2867 nectam,
282 2791 392 2855 rudem
402 2792 505 2858 adhuc
517 2804 668 2878 nepotum
682 2803 713 2856 et
725 2801 907 2878 vergentem
917 2800 1050 2856 aetatem
1060 2813 1159 2866 suam,

137 2892 171 2945 ut
198 2880 378 2947 Germanici
404 2884 506 2964 liberi,
537 2888 629 2950 unica
658 2887 868 2971 praesentium
898 2878 1051 2949 malorum
1077 2884 1162 2947 leva-

137 2986 254 3054 menta,
273 2977 491 3043 inducerentur
508 2981 626 3064 petivit.
650 2981 771 3066 egressi
788 2980 932 3045 consules
949 2979 1088 3043 firmatos
1106 2977 1161 3041 ad-

51 3141 55 3148 ·
136 3070 241 3152 loquio
271 3071 521 3137 adtdesoentulos
552 3074 765 3157 deductosque
795 3084 867 3137 ante
898 3072 1067 3149 Caesarem
1099 3079 1161 3134 sta

137 3172 242 3240 tuunt;
268 3163 382 3247 quibus
406 3167 567 3251 adprensis
592 3177 715 3252 „patres
744 3167 925 3251 conscripti,
951 3165 1034 3229 hos“
1061 3164 1161 3246 inquit

138 3255 282 3335 „orbatos
299 3269 428 3343 parente
445 3262 558 3325 tradidi
570 3272 681 3345 patruo
698 3263 837 3345 ipsorum
854 3271 1062 3345 precatusque
1080 3279 1159 3332 sum,

137 3349 326 3433 quamquam
339 3362 423 3417 esset
440 3354 484 3417 illi
501 3355 626 3439 propria
640 3353 775 3430 suboles,
793 3375 832 3416 ne
851 3374 941 3417 secus
955 3373 1052 3434 quam
1069 3367 1160 3412 suum
1187 3412 1190 3417 .

137 3445 321 3529 sanguinem
343 3445 477 3523 foveret,
499 3448 665 3525 attolleret,
677 3446 810 3529 sibique
829 3455 860 3510 et
881 3445 1015 3530 posteris
1038 3442 1165 3506 consor·

137 3547 248 3602 maret:
275 3549 381 3623 erepto
403 3534 512 3605 Druso
536 3564 653 3627 preces.
673 3541 714 3604 ad
735 3563 792 3605 vos
819 3548 966 3604 converto
992 3538 1103 3619 disque
1130 3544 1161 3599 et

136 3630 236 3713 patria
262 3653 367 3696 coram
394 3633 546 3712 obtestor,
578 3634 719 3720 Augusti
747 3642 947 3718 pronepotes,
979 3629 1159 3694 clarissimis

136 3724 306 3791 maioribus
332 3729 468 3812 genitos,
502 3729 663 3814 suscipite,
690 3728 803 3812 regite,
833 3735 970 3791 vestram
996 3741 1160 3805 meamque

136 3817 238 3881 vicem
260 3821 391 3904 explete.
418 3822 451 3885 hi
473 3821 577 3900 vobis,
600 3822 732 3886 Nero‘et
749 3820 870 3897 Druse,
892 3828 1055 3904 parentum
1076 3816 1159 3880 loco:
1263 3880 1283 3909 ο

136 3909 180 3973 ita
205 3913 271 3975 nati
293 3913 368 3979 estis
390 3925 426 3979 ut
448 3914 529 3980 bona
553 3915 697 3999 malaque
723 3923 827 3978 vestra
849 3914 977 3977 adrem
1001 3910 1160 3997 publicam

135 4005 339 4088 pertineant.“
504 4030 507 4036 ’
1111 4047 1112 4050 =

187 4098 322 4186 ¹Magno
344 4125 381 4167 ea
402 4104 477 4168 fletu
499 4112 530 4167 et
551 4101 878 4187 mox-precationibus
905 4099 1017 4165 faustis
1040 4099 1159 4175 audita3
1178 4115 1192 4162 9
