2760 4874
322 377 529 436 ANNALIUM
546 379 619 433 LIB.
633 379 682 435 VI.
701 378 971 452 24-28.(18-22.)
1098 370 1159 434 165

138 484 159 522 p.
170 471 210 512 cn.
221 472 252 510 aa.

137 559 275 604 cremare
293 537 469 620 quisquam,
488 559 553 602 non
571 536 764 621 contingere:
783 536 979 600 interciderat
993 538 1083 602 sortis
1101 539 1159 603 hu-

135 655 247 698 manae
265 631 486 695 commercium
504 631 535 693 vi
549 641 660 739 metus,
679 638 891 712 quantumque
905 631 1035 696 saevitia
1047 631 1160 716 glisce-

136 736 196 804 ret,
215 725 342 789 miserat
344 725 374 788 io
331 723 563 788 ttunarceba

182 817 270 884 Sub
289 818 402 881 idemt
390 815 570 902 t.empusC
591 816 723 893 Caesar,
746 816 918 889 discedenti
937 816 1076 926 Capreas
1099 843 1158 885 avo
1173 816 1218 929 (²⁶)

136 934 256 989 comes,
277 910 456 986 Claudiam,
475 909 523 973 M
544 907 643 974 Silani
660 909 771 986 filiam,
790 910 934 995 coniugio
953 911 1082 996 accepit,
1100 913 1159 976 im·

136 1028 261 1071 manem
279 1005 420 1069 animum
436 1003 569 1068 subdola
581 1004 735 1068 modestia
747 1017 866 1089 tegens,
885 1022 948 1068 non
962 1005 1159 1070 damnatione

136 1100 259 1176 matris,
286 1121 350 1163 non
367 1098 461 1162 exitio
478 1097 609 1162 fratrum
630 1107 703 1182 rupt
704 1120 723 1161 a
740 1119 816 1161 voce
822 1121 831 1174 ;
858 1097 982 1180 qualem
1004 1099 1087 1162 diem
1105 1099 1159 1163 Ti-

137 1194 241 1260 berius
267 1192 434 1269 induisset,
461 1192 529 1276 pari
554 1191 676 1267 habitu,
703 1190 788 1255 haud
813 1191 946 1257 mrdtum
971 1191 1159 1258 distantibus

136 1287 255 1365 verbis3
272 1287 355 1351 unde
372 1309 447 1351 mox
466 1286 578 1351 scitum
596 1285 740 1373 Passieni
757 1285 885 1350 oratoris
901 1285 1021 1350 dictum
1038 1309 1160 1371 percre-

136 1381 233 1457 bruit,
251 1402 353 1463 neque
370 1379 530 1444 meliorem
548 1400 697 1466 umquam
714 1400 839 1444 servum
856 1400 958 1461 neque
976 1379 1160 1444 deteriorem

137 1474 298 1543 dominum
315 1473 424 1539 fuisse.
731 1557 733 1564 Υ

200 1566 272 1632 Non
297 1567 455 1631 omiserim
480 1567 680 1653 praesagium
706 1565 891 1632 Tiberiide
919 1566 1030 1633 Servio
1057 1564 1161 1632 Galba

111 1681 113 1684 ⁴
137 1672 204 1724 tum
221 1660 363 1738 consule3
390 1682 485 1744 quem
507 1659 641 1725 accitum
665 1669 701 1725 et·
717 1660 864 1725 diversis*
873 1659 1068 1725 sermonibus
1090 1683 1160 1744 per-

137 1764 322 1838 temptatum
336 1751 656 1838 ⁴postremosGraecis
683 1754 787 1819 verbis
813 1755 846 1819 in
871 1755 953 1819 hanc
975 1755 1161 1820 sententiam

136 1848 300 1913 adlocutus
321 1845 408 1933 [θεῇς
429 1856 480 1927 „et
497 1857 540 1924 tu,
561 1845 677 1925 Galba,
697 1848 884 1931 quandoque
902 1847 1085 1934 degustabis
1102 1847 1161 1911 im-

136 1942 292 2027 perium,“
313 1963 414 2006 seram
432 1963 469 2006 ac
486 1941 613 2006 brevem
631 1943 801 2026 potentiam
820 1942 1011 2030 significans,
1031 1942 1161 2027 scientia

139 2036 369 2101 Chaldaeorum
387 2037 471 2113 artis,
491 2037 579 2101 cuius
593 2037 779 2121 apiscendae
792 2037 890 2100 otium
905 2038 989 2122 apud
1001 2037 1159 2114 Rhodum,

137 2130 322 2216 magistrum
344 2130 559 2195 Thrasullum
568 2130 690 2208 habult,
717 2131 860 2215 peritiam
886 2131 953 2196 eius
979 2132 1040 2196 hoc
1066 2132 1183 2196 modo

138 2233 293 2309 expertus.
312 2224 454 2307 quotiens
474 2246 568 2308 super
585 2224 639 2288 tab
652 2224 783 2332 negotio
792 2225 989 2301 consultaret,
1008 2224 1092 2288 edita
1105 2224 1160 2288 do-
1173 2223 1214 2340 (ξῖ)

138 2341 207 2381 mus
225 2326 313 2428 parte
331 2338 368 2381 ac
385 2317 487 2382 liberti
505 2317 597 2382 unius
616 2317 805 2382 conscientia
822 2317 929 2382 utebat
917 2327 979 2395 tur3
998 2317 1025 2381 is
1043 2317 1160 2381 littera-

137 2434 207 2475 rum
224 2411 366 2496 ignarus,
386 2432 514 2495 corpore
532 2410 649 2487 valido,
668 2433 724 2495 per
741 2410 812 2474 avia
829 2433 866 2475 ac
884 2411 1074 2495 derupta-
1087 2433 1162 2476 nam

139 2505 223 2570 saxis
237 2505 348 2568 domus
362 2504 503 2568 imminet
516 2498 707 2589 '—praeibat
716 2526 788 2568 eum
806 2504 895 2568 cuius
910 2513 1012 2568 artem
1029 2503 1162 2588 experiri
1248 2563 1252 2575 ,

139 2598 284 2663 Tiberius
303 2598 476 2675 stat-uisset,
492 2606 528 2663 ‚et
544 2598 779 2683 regredientem,
799 2598 826 2662 si
843 2597 988 2662 vanitatis
1007 2607 1061 2662 aut
1077 2597 1162 2662 frau-

139 2694 215 2757 dum
233 2692 371 2777 suspicio
389 2692 568 2768 incesserat,
587 2692 621 2755 in
639 2691 813 2756 subiectum
830 2713 917 2756 mare
928 2691 1161 2776 praecipitabat,

139 2809 179 2851 ne
196 2787 291 2851 index
309 2787 413 2851 arcani
431 2787 586 2857 existeret.
609 2786 705 2872 igitur
714 2786 899 2851 Thrasullus
917 2786 1018 2858 isdem
1031 2785 1162 2870 rupibus

139 2882 286 2946 inductus
308 2874 476 2966 postquam
497 2883 972 2966 percontantemcommoverat,
998 2880 1163 2966 imperium

139 2974 201 3059 ipsi
223 2984 254 3039 et
275 2974 380 3039 futura
402 2974 530 3039 solerter
550 2974 756 3059 patefaciens,
783 2975 991 3061 interrogatur
1012 2998 1051 3038 an
1074 2996 1164 3038 suam

140 3089 267 3151 quoque
284 3067 452 3154 genitalem
469 3067 579 3132 horam
597 3068 814 3153 comperisset3
840 3090 934 3151 quem
952 3077 1018 3144 tum
1037 3090 1162 3143 annum,

140 3162 266 3246 qualem
288 3162 372 3227 diem
393 3163 532 3227 haberet.
559 3162 611 3226 ille
632 3163 753 3248 positus
776 3163 913 3227 siderum
935 3184 972 3225 ac
995 3160 1163 3246 spatiapdi·

141 3277 279 3333 mensus,
297 3255 424 3320 haerere
441 3256 552 3341 primo,
571 3255 644 3320 dein
660 3277 837 3340 pavescere,
857 3263 888 3319 et
904 3263 1056 3337 quantum
1068 3253 1164 3317 intro-

143 3350 288 3435 spiceret,
315 3351 417 3436 magis
435 3373 472 3415 ac
494 3351 596 3436 magis
615 3350 754 3436 trepidus
773 3348 985 3413 admirationis
1003 3358 1034 3412 et
1050 3355 1163 3423 metus,

141 3453 299 3530 postremo
309 3445 463 3511 exclamat
475 3445 658 3530 ambiguum
672 3444 778 3509 sibiae
787 3465 887 3528 prope
900 3443 1043 3506 ultimum
1057 3439 1165 3504 discri-

141 3561 214 3602 men
231 3539 361 3604 instare:
380 3547 447 3603 tum
465 3538 646 3624 complexus
665 3560 737 3603 enm
755 3536 900 3602 Tiberius
918 3535 1094 3622 praescium
1110 3555 1165 3618 pe-

141 3632 308 3697 ricedorum
331 3641 362 3697 ct
386 3632 574 3698 incolumem
599 3632 667 3697 fore
689 3638 842 3717 gratatur3
870 3651 1012 3714 quaeque
1034 3628 1163 3704 (luerat,

142 3725 237 3790 oracli
254 3725 322 3791 vice
340 3727 505 3811 accipiens,
523 3727 570 3790 int
558 3735 604 3790 ter
620 3726 747 3789 intimos
766 3725 937 3789 amicorum
955 3731 1049 3787 tenet.
1137 3771 1140 3777 .

208 3817 292 3884 Sed
299 3820 376 3884 mihi
400 3820 478 3884 haec
504 3842 541 3884 ac
566 3819 640 3884 talia
662 3818 829 3883 audienti
821 3841 854 3881 1n
874 3817 991 3880 incerto
1013 3813 1164 3880 iudicium
1178 3817 1220 3936 ἐξ)

143 3922 200 3990 est,
219 3913 325 3979 fatone
337 3937 387 3979 res
401 3914 577 3978 mortalium
590 3923 621 3977 et
609 3912 801 3977 tnecessitat
802 3933 819 3975 e
789 3908 1018 3974 timmutabili
1031 3931 1071 3972 an
1084 3907 1164 3972 forte

143 4006 320 4085 volvantur,
339 4008 455 4093 quippe
473 4001 722 4092 sapientissimos
736 4014 890 4082 veterum,
914 4003 1030 4087 quique
1048 4010 1165 4067 sectam

144 4124 252 4167 eorum
279 4102 495 4205 aemulantur,
514 4103 657 4168 diversos
675 4100 833 4186 reperias,
853 4123 890 4166 ac
911 4099 1017 4164 multis
1039 4097 1165 4164 insitam
