2760 4874
387 372 593 431 ANNALIUM
612 373 686 430 LIB.
696 373 778 428 XIII.
800 373 915 428 50-54.
1097 361 1160 427 251

138 479 160 517 p.
171 465 211 506 on.
222 467 254 504 aa.

201 533 288 598 Reos
307 555 346 596 ex
364 531 523 616 provincia
540 529 664 606 Africa,
688 531 742 613 qui
758 531 979 616 proconsulare
997 531 1162 617 imperium
1181 557 1212 604 52

137 629 201 693 illic
218 626 401 702 habuerant,
423 623 598 709 Sulpicium
612 623 814 689 Camerinum
832 635 863 688 et
876 624 1085 710 Pomponium
1101 625 1163 693 Sil·

137 744 255 786 vanum
272 719 407 784 absolvit
426 717 557 795 Caesar,
584 717 786 783 Camerinum
808 719 958 783 adversus
977 719 1114 803 privatos
1133 734 1164 786 et

137 837 270 901 paucos,
294 812 441 891 saevitiae
464 812 565 898 magis
588 834 683 896 quam
705 821 865 897 captarum
886 814 1089 898 pecuniarum
1107 817 1165 880 cri-

137 909 223 974 mina
236 907 420 972 obicientes:
437 905 601 972 Silvanum
614 929 730 992 magna
743 907 790 970 vis
804 917 1020 972 accusatorum
1034 909 1164 974 circum·

140 1012 268 1069 steterat
285 1001 496 1088 poscebatque
523 1011 646 1088 tempus
673 1003 903 1066 evocandorum
925 1004 1064 1083 testiun13
1091 1028 1174 1071 reus,

138 1098 210 1163 ilico
232 1097 359 1167 defendi
383 1095 576 1181 postulabat,
603 1096 763 1179 valuitque
788 1097 959 1180 pecuniosa
981 1098 1112 1164 orbitate
1134 1109 1166 1164 et

139 1200 274 1269 senecta,
294 1212 389 1274 quam
402 1191 482 1254 ultra
495 1191 592 1254 vitam
606 1213 713 1255 eorum
729 1190 877 1275 produxit
895 1212 1028 1275 quorum
1046 1192 1165 1272 ambitu

139 1293 292 1352 evaserat.
710 1285 712 1288 ’

205 1379 338 1462 Quietae
352 1380 392 1443 ad
406 1378 440 1442 id
452 1389 575 1462 tempus
589 1401 639 1442 res
652 1378 686 1443 in
700 1375 869 1443 Germania
887 1379 1020 1457 fuerant,
1039 1381 1163 1467 ingenio
1183 1400 1214 1448 53

139 1476 269 1552 ducum,
293 1473 346 1556 qui
368 1473 559 1559 pervulgatis
583 1472 732 1557 triumphi
752 1473 928 1559 insignibus
950 1475 1051 1541 maius
1069 1499 1109 1540 ex
1128 1490 1165 1541 eo

139 1569 236 1633 decus
251 1566 427 1653 sperabant,
443 1567 470 1631 si
483 1588 594 1651 pacem
607 1566 887 1631 continuavissent:
903 1567 1055 1633 Paulinus
1069 1569 1165 1634 Pom-

138 1663 228 1750 peius
252 1672 284 1726 et
304 1662 345 1725 L.
363 1660 465 1726 Vetus
489 1682 526 1725 ea
547 1668 733 1745 tempestate
755 1660 904 1725 exercitui
926 1672 1102 1746 praeerant:
1126 1685 1165 1726 ne

139 1767 244 1821 tamen
262 1777 393 1841 segnem
411 1755 540 1820 militem
555 1755 728 1832 attinerent,
747 1755 799 1819 ille
816 1753 996 1823 inchoatum
1014 1766 1086 1822 ante
1103 1767 1165 1821 tres

139 1860 172 1914 et
189 1848 352 1934 sexaginta
365 1871 463 1912 annos
481 1872 500 1912 a
513 1848 621 1913 Druso
635 1871 784 1935 aggerem
798 1852 968 1916 coercendo
981 1851 1094 1916 Rheno
1111 1851 1167 1916 ab·

140 1943 246 2019 solvit,
269 1940 371 2007 Vetus
388 1941 558 2016 Mosellam
579 1952 673 2025 atque
690 1945 819 2007 Ararim
841 1945 925 2010 facta
947 1945 1027 2008 inter
1048 1954 1167 2008 utrum-

140 2059 201 2120 que
224 2036 310 2100 fossa
332 2046 515 2100 connectere
537 2035 681 2121 parabat,
704 2046 739 2100 ut
761 2038 870 2122 copiae
891 2029 948 2122 per
968 2059 1067 2114 mare,
1095 2038 1166 2102 dein

140 2130 294 2195 Rhodano
317 2140 348 2194 et
365 2128 467 2194 Arare
485 2129 667 2207 subvectae,
689 2153 747 2215 per
769 2153 839 2194 eam
861 2132 994 2208 fossam,
1018 2152 1092 2194 mox
1108 2131 1167 2193 fiu-

140 2224 193 2289 vio
203 2223 340 2288 Mosella
353 2224 387 2287 in
398 2223 555 2312 Rhenum,
573 2223 658 2286 exim
673 2222 837 2289 Oceanum
853 2225 1051 2289 decurrerent
1061 2223 1166 2288 subla-

141 2319 242 2402 tisque
259 2317 378 2383 itineris
397 2317 633 2382 difficultatibus
651 2318 841 2404 navigabilia
858 2311 939 2384 inter
957 2341 991 2383 se
1011 2317 1168 2383 Occiden-

141 2413 182 2476 tis
197 2408 487 2496 Septentrionisque
500 2411 590 2475 litora
602 2411 720 2476 fierent.
739 2412 849 2477 invidit
863 2413 949 2498 operi
961 2410 1073 2476 Aelius
1088 2408 1169 2476 Gra-

142 2505 225 2582 cilis,
251 2506 400 2592 Belgicae
425 2506 563 2591 legatus,
591 2506 773 2570 deterrendo
796 2505 945 2570 Veterem
966 2529 1006 2570 ne
1027 2505 1167 2591 legiones

141 2599 261 2663 alienae
279 2600 455 2684 provinciae
473 2599 602 2663 inferret
624 2599 789 2682 studiaque
807 2597 981 2666 Galliarum
999 2599 1167 2675 affectaret,

142 2692 381 2757 formidolosum
397 2694 430 2756 id
446 2692 625 2776 imperatori
642 2692 797 2771 dictitans,
816 2716 879 2777 quo
896 2694 1080 2779 plerumque
1097 2715 1169 2778 pro·

142 2785 289 2852 hibentur
306 2796 436 2851 conatus
454 2786 589 2851 honesti.

210 2878 358 2944 Ceterum
380 2881 526 2946 continuo
548 2881 740 2948 exercituum
762 2882 825 2946 otio
847 2882 932 2947 fama
954 2883 1082 2947 incessit
1104 2903 1169 2946 ere·
1188 2899 1220 2947 54

143 2984 232 3059 ptum
250 2974 298 3037 ius
316 2973 428 3059 legatis
446 2975 580 3040 ducendi
597 2975 630 3038 in
647 2975 779 3053 hostem,
799 2998 898 3060 eoque
915 2976 1010 3040 Frisii
1027 2977 1170 3039 inventu-

144 3079 208 3131 tem
227 3066 356 3132 saltibus
370 3076 425 3131 aut
437 3068 614 3151 paludibus,
634 3068 781 3133 inbellem
795 3079 932 3134 aetatem·
942 3092 998 3154 per
1015 3069 1102 3133 lacus
1115 3070 1170 3132 ad-

144 3183 270 3225 movere
287 3161 386 3246 ripae,
410 3184 565 3247 agrosque
587 3184 704 3227 vacuos
723 3172 754 3226 et
771 3162 904 3226 militum
926 3162 997 3226 usui
1016 3161 1169 3246 sepositos

144 3255 300 3332 insedere,
323 3265 449 3320 auctore
466 3255 591 3320 Verrito
609 3266 640 3320 et
656 3255 827 3341 Malorige,
850 3256 904 3338 qui
921 3255 1079 3320 nationem
1101 3277 1171 3318 eam

144 3347 304 3434 regebant,
323 3349 522 3431 inquantum
537 3346 687 3414 Germani
700 3362 879 3434 regnantur.
902 3349 1027 3430 iamque
1039 3347 1172 3411 fixerant
1259 3413 1261 3417 Α

146 3442 266 3518 domos,
286 3442 405 3508 semina
423 3442 504 3508 arvis
522 3443 689 3507 intulerant
702 3452 797 3525 utque
810 3442 946 3527 patrium
964 3441 1066 3506 solum
1084 3463 1172 3505 exer·
1278 3478 1285 3485 ·

146 3534 268 3612 cebant,
287 3558 359 3599 cum
376 3535 503 3601 Dubius
521 3535 647 3614 Avitus,
667 3546 796 3622 accepta
814 3560 833 3600 a
850 3535 983 3601 Paulino
1000 3535 1169 3621 provincia,

144 3629 317 3695 minitando
339 3631 403 3694 vim
420 3631 609 3708 Romanam,
632 3631 694 3695 nisi
716 3630 919 3695 abscederent
936 3630 1029 3694 Frisii
1050 3639 1170 3694 veteres

146 3722 180 3786 in
196 3723 281 3788 locos
300 3735 354 3788 aut
372 3747 486 3788 novam
504 3725 610 3788 sedem
628 3748 647 3788 a
666 3723 803 3789 Caesare
821 3725 1018 3809 inpetrarent,
1037 3723 1172 3808 perpulit

146 3815 306 3905 Verritum
325 3827 355 3883 et
372 3817 561 3904 Malorigem
577 3841 686 3903 preces
706 3818 874 3904 suscipere.
896 3817 1089 3902 profectique
1106 3816 1171 3881 Ro-

145 3934 232 3977 mam
249 3912 325 3975 dum
343 3908 411 3977 aliis
429 3913 511 3978 curis
524 3913 677 3977 intentum
690 3912 849 3976 Neronem
862 3912 1073 3997 opperiuntur,
1092 3910 1171 3980 inter

146 4028 185 4069 ea
206 4027 287 4089 quae
309 4005 448 4071 barbaris
466 4015 660 4072 ostentantur
680 4007 833 4070 intravere
850 4005 984 4091 Pompei
1006 4005 1169 4082 theatrum,

147 4121 211 4182 quo
223 4099 470 4185 magnitudinem
481 4101 591 4186 populi
601 4101 746 4169 viserent.
769 4099 832 4165 illic
844 4123 900 4186 per
913 4099 1010 4165 otium
1019 4138 1059 4148 —
1069 4122 1170 4185 neque
