<?xml version="1.0" encoding="UTF-8"?>
<!DOCTYPE html PUBLIC "-//W3C//DTD XHTML 1.0 Transitional//EN"
    "http://www.w3.org/TR/xhtml1/DTD/xhtml1-transitional.dtd">
<html xmlns="http://www.w3.org/1999/xhtml" xml:lang="en" lang="en">
 <head>
  <title>
</title>
<meta http-equiv="Content-Type" content="text/html;charset=utf-8" />
  <meta name='ocr-system' content='tesseract 3.04.00' />
  <meta name='ocr-capabilities' content='ocr_page ocr_carea ocr_par ocr_line ocrx_word'/>
</head>
<body>
  <div class='ocr_page' id='page_1' title='image "./corneliitacitio01haasgoog_0335.png"; bbox 0 0 3040 5046; ppageno 0'>
   <div class='ocr_carea' id='block_1_1' title="bbox 311 451 1334 602">
    <p class='ocr_par' dir='ltr' id='par_1_1' title="bbox 311 451 1334 602">
     <span class='ocr_line' id='line_1_1' title="bbox 311 451 990 516; baseline -0.007 -1"><span class='ocrx_word' id='word_1_1' title='bbox 311 451 374 516; x_wconf 77' lang='lat'>258</span> <span class='ocrx_word' id='word_1_2' title='bbox 662 455 844 513; x_wconf 78' lang='lat' dir='ltr'>CORNELII</span> <span class='ocrx_word' id='word_1_3' title='bbox 859 455 990 510; x_wconf 79' lang='lat' dir='ltr'>TAClTI</span> 
     </span>
     <span class='ocr_line' id='line_1_2' title="bbox 1151 549 1334 602; baseline 0 -16"><span class='ocrx_word' id='word_1_4' title='bbox 1151 579 1162 602; x_wconf 58' lang='lat'>0</span> <span class='ocrx_word' id='word_1_5' title='bbox 1228 556 1246 586; x_wconf 82' lang='lat' dir='ltr'>a</span> <span class='ocrx_word' id='word_1_6' title='bbox 1258 557 1278 586; x_wconf 88' lang='lat' dir='ltr'>u.</span> <span class='ocrx_word' id='word_1_7' title='bbox 1289 549 1334 588; x_wconf 73' lang='lat' dir='ltr'>stt.</span> 
     </span>
    </p>
   </div>
   <div class='ocr_carea' id='block_1_2' title="bbox 262 612 1337 4270">
    <p class='ocr_par' dir='ltr' id='par_1_2' title="bbox 308 612 1337 1542">
     <span class='ocr_line' id='line_1_3' title="bbox 310 612 1334 690; baseline -0.005 -5"><span class='ocrx_word' id='word_1_8' title='bbox 310 631 407 685; x_wconf 84' lang='lat' dir='ltr'>restm</span> <span class='ocrx_word' id='word_1_9' title='bbox 425 617 710 682; x_wconf 78' lang='lat' dir='ltr'>machinamentum</span> <span class='ocrx_word' id='word_1_10' title='bbox 727 612 923 690; x_wconf 81' lang='lat' dir='ltr'>concidisset,</span> <span class='ocrx_word' id='word_1_11' title='bbox 942 612 1112 678; x_wconf 87' lang='lat' dir='ltr'>observans</span> <span class='ocrx_word' id='word_1_12' title='bbox 1130 613 1223 678; x_wconf 90' lang='lat' dir='ltr'>etiam</span> <span class='ocrx_word' id='word_1_13' title='bbox 1236 613 1334 680; x_wconf 87' lang='lat' dir='ltr'>Acer-</span> 
     </span>
     <span class='ocr_line' id='line_1_4' title="bbox 311 707 1327 792; baseline -0.005 -15"><span class='ocrx_word' id='word_1_14' title='bbox 311 713 415 777; x_wconf 85' lang='lat' dir='ltr'>roniae</span> <span class='ocrx_word' id='word_1_15' title='bbox 437 731 559 785; x_wconf 85' lang='lat' dir='ltr'>necem,</span> <span class='ocrx_word' id='word_1_16' title='bbox 584 707 677 772; x_wconf 89' lang='lat' dir='ltr'>simul</span> <span class='ocrx_word' id='word_1_17' title='bbox 700 730 791 774; x_wconf 89' lang='lat' dir='ltr'>suum</span> <span class='ocrx_word' id='word_1_18' title='bbox 809 707 922 771; x_wconf 88' lang='lat' dir='ltr'>vulnus</span> <span class='ocrx_word' id='word_1_19' title='bbox 945 707 1113 792; x_wconf 80' lang='lat' dir='ltr'>aspiciens:</span> <span class='ocrx_word' id='word_1_20' title='bbox 1137 707 1239 772; x_wconf 90' lang='lat' dir='ltr'>solum</span> <span class='ocrx_word' id='word_1_21' title='bbox 1260 708 1327 772; x_wconf 83' lang='lat' dir='ltr'>insi</span> 
     </span>
     <span class='ocr_line' id='line_1_5' title="bbox 310 800 1336 886; baseline -0.004 -16"><span class='ocrx_word' id='word_1_22' title='bbox 310 808 432 870; x_wconf 90' lang='lat' dir='ltr'>diarum</span> <span class='ocrx_word' id='word_1_23' title='bbox 454 803 627 867; x_wconf 86' lang='lat' dir='ltr'>remedium</span> <span class='ocrx_word' id='word_1_24' title='bbox 650 823 735 878; x_wconf 90' lang='lat' dir='ltr'>esse,</span> <span class='ocrx_word' id='word_1_25' title='bbox 763 801 790 866; x_wconf 89' lang='lat' dir='ltr'>si</span> <span class='ocrx_word' id='word_1_26' title='bbox 807 822 871 864; x_wconf 92' lang='lat' dir='ltr'>non</span> <span class='ocrx_word' id='word_1_27' title='bbox 896 800 1162 886; x_wconf 83' lang='lat' dir='ltr'>intellegerentur:</span> <span class='ocrx_word' id='word_1_28' title='bbox 1188 802 1336 885; x_wconf 84' lang='lat' dir='ltr'>misitque</span> 
     </span>
     <span class='ocr_line' id='line_1_6' title="bbox 310 891 1335 982; baseline -0.005 -18"><span class='ocrx_word' id='word_1_29' title='bbox 310 899 453 964; x_wconf 88' lang='lat' dir='ltr'>libertum</span> <span class='ocrx_word' id='word_1_30' title='bbox 476 896 666 982; x_wconf 85' lang='lat' dir='ltr'>Agerinum,</span> <span class='ocrx_word' id='word_1_31' title='bbox 689 895 743 978; x_wconf 90' lang='lat' dir='ltr'>qui</span> <span class='ocrx_word' id='word_1_32' title='bbox 764 895 920 958; x_wconf 85' lang='lat' dir='ltr'>nuntiaret</span> <span class='ocrx_word' id='word_1_33' title='bbox 941 891 1005 959; x_wconf 90' lang='lat' dir='ltr'>filio</span> <span class='ocrx_word' id='word_1_34' title='bbox 1027 894 1218 981; x_wconf 85' lang='lat' dir='ltr'>benignitate</span> <span class='ocrx_word' id='word_1_35' title='bbox 1240 896 1335 959; x_wconf 90' lang='lat' dir='ltr'>deum</span> 
     </span>
     <span class='ocr_line' id='line_1_7' title="bbox 309 988 1334 1074; baseline -0.003 -17"><span class='ocrx_word' id='word_1_36' title='bbox 309 1005 340 1057; x_wconf 91' lang='lat' dir='ltr'>et</span> <span class='ocrx_word' id='word_1_37' title='bbox 357 993 482 1056; x_wconf 83' lang='lat' dir='ltr'>fortuna</span> <span class='ocrx_word' id='word_1_38' title='bbox 499 988 567 1055; x_wconf 91' lang='lat' dir='ltr'>eius</span> <span class='ocrx_word' id='word_1_39' title='bbox 585 989 724 1056; x_wconf 88' lang='lat' dir='ltr'>evasisse</span> <span class='ocrx_word' id='word_1_40' title='bbox 741 1010 870 1074; x_wconf 87' lang='lat' dir='ltr'>gravem</span> <span class='ocrx_word' id='word_1_41' title='bbox 888 1011 1012 1067; x_wconf 83' lang='lat' dir='ltr'>casum3</span> <span class='ocrx_word' id='word_1_42' title='bbox 1033 1011 1121 1054; x_wconf 90' lang='lat' dir='ltr'>orare</span> <span class='ocrx_word' id='word_1_43' title='bbox 1139 999 1174 1052; x_wconf 92' lang='lat' dir='ltr'>ut</span> <span class='ocrx_word' id='word_1_44' title='bbox 1190 990 1334 1072; x_wconf 90' lang='lat' dir='ltr'>quamvis</span> 
     </span>
     <span class='ocr_line' id='line_1_8' title="bbox 309 1082 1337 1172; baseline -0.003 -21"><span class='ocrx_word' id='word_1_45' title='bbox 309 1086 446 1172; x_wconf 87' lang='lat' dir='ltr'>periculo</span> <span class='ocrx_word' id='word_1_46' title='bbox 464 1083 571 1149; x_wconf 91' lang='lat' dir='ltr'>matris</span> <span class='ocrx_word' id='word_1_47' title='bbox 590 1082 755 1148; x_wconf 83' lang='lat' dir='ltr'>exterritus</span> <span class='ocrx_word' id='word_1_48' title='bbox 773 1082 895 1146; x_wconf 89' lang='lat' dir='ltr'>visendi</span> <span class='ocrx_word' id='word_1_49' title='bbox 917 1104 1025 1148; x_wconf 88' lang='lat' dir='ltr'>euram</span> <span class='ocrx_word' id='word_1_50' title='bbox 1041 1083 1191 1148; x_wconf 84' lang='lat' dir='ltr'>differret:</span> <span class='ocrx_word' id='word_1_51' title='bbox 1216 1082 1275 1152; x_wconf 91' lang='lat' dir='ltr'>sibi</span> <span class='ocrx_word' id='word_1_52' title='bbox 1296 1085 1337 1148; x_wconf 88' lang='lat' dir='ltr'>ad</span> 
     </span>
     <span class='ocr_line' id='line_1_9' title="bbox 308 1175 1336 1265; baseline -0.002 -21"><span class='ocrx_word' id='word_1_53' title='bbox 308 1201 456 1265; x_wconf 89' lang='lat' dir='ltr'>praesens</span> <span class='ocrx_word' id='word_1_54' title='bbox 479 1178 583 1261; x_wconf 90' lang='lat' dir='ltr'>quiete</span> <span class='ocrx_word' id='word_1_55' title='bbox 601 1199 690 1262; x_wconf 91' lang='lat' dir='ltr'>opus.</span> <span class='ocrx_word' id='word_1_56' title='bbox 717 1185 810 1260; x_wconf 90' lang='lat' dir='ltr'>utque</span> <span class='ocrx_word' id='word_1_57' title='bbox 831 1175 969 1254; x_wconf 90' lang='lat' dir='ltr'>interim,</span> <span class='ocrx_word' id='word_1_58' title='bbox 992 1178 1156 1242; x_wconf 85' lang='lat' dir='ltr'>secmitate</span> <span class='ocrx_word' id='word_1_59' title='bbox 1179 1177 1336 1255; x_wconf 87' lang='lat' dir='ltr'>simulata,</span> 
     </span>
     <span class='ocr_line' id='line_1_10' title="bbox 309 1265 1337 1355; baseline 0 -19"><span class='ocrx_word' id='word_1_60' title='bbox 309 1272 514 1337; x_wconf 86' lang='lat' dir='ltr'>medicamina</span> <span class='ocrx_word' id='word_1_61' title='bbox 531 1269 651 1334; x_wconf 87' lang='lat' dir='ltr'>vulneri</span> <span class='ocrx_word' id='word_1_62' title='bbox 669 1279 700 1334; x_wconf 89' lang='lat' dir='ltr'>et</span> <span class='ocrx_word' id='word_1_63' title='bbox 717 1265 856 1334; x_wconf 87' lang='lat' dir='ltr'>sementa</span> <span class='ocrx_word' id='word_1_64' title='bbox 869 1270 991 1355; x_wconf 85' lang='lat' dir='ltr'>corpori</span> <span class='ocrx_word' id='word_1_65' title='bbox 1008 1269 1148 1348; x_wconf 87' lang='lat' dir='ltr'>adhibet;</span> <span class='ocrx_word' id='word_1_66' title='bbox 1167 1281 1337 1336; x_wconf 91' lang='lat' dir='ltr'>testamen-</span> 
     </span>
     <span class='ocr_line' id='line_1_11' title="bbox 309 1362 1337 1450; baseline -0.002 -20"><span class='ocrx_word' id='word_1_67' title='bbox 309 1379 375 1432; x_wconf 88' lang='lat' dir='ltr'>tum</span> <span class='ocrx_word' id='word_1_68' title='bbox 392 1364 583 1430; x_wconf 84' lang='lat' dir='ltr'>Acerroniae</span> <span class='ocrx_word' id='word_1_69' title='bbox 604 1363 719 1446; x_wconf 89' lang='lat' dir='ltr'>requiri</span> <span class='ocrx_word' id='word_1_70' title='bbox 740 1362 884 1447; x_wconf 90' lang='lat' dir='ltr'>bonaque</span> <span class='ocrx_word' id='word_1_71' title='bbox 907 1363 1067 1450; x_wconf 89' lang='lat' dir='ltr'>obsignari</span> <span class='ocrx_word' id='word_1_72' title='bbox 1088 1364 1189 1442; x_wconf 90' lang='lat' dir='ltr'>iubet,</span> <span class='ocrx_word' id='word_1_73' title='bbox 1211 1365 1244 1429; x_wconf 90' lang='lat' dir='ltr'>id</span> <span class='ocrx_word' id='word_1_74' title='bbox 1268 1375 1337 1430; x_wconf 91' lang='lat' dir='ltr'>tan-</span> 
     </span>
     <span class='ocr_line' id='line_1_12' title="bbox 309 1457 786 1542; baseline -0.008 -18"><span class='ocrx_word' id='word_1_75' title='bbox 309 1471 374 1524; x_wconf 88' lang='lat' dir='ltr'>tum</span> <span class='ocrx_word' id='word_1_76' title='bbox 393 1481 455 1522; x_wconf 92' lang='lat' dir='ltr'>non</span> <span class='ocrx_word' id='word_1_77' title='bbox 473 1479 529 1542; x_wconf 88' lang='lat' dir='ltr'>per</span> <span class='ocrx_word' id='word_1_78' title='bbox 541 1457 786 1522; x_wconf 90' lang='lat' dir='ltr'>simulationem.</span> 
     </span>
    </p>

    <p class='ocr_par' dir='ltr' id='par_1_3' title="bbox 276 1543 1337 2860">
     <span class='ocr_line' id='line_1_13' title="bbox 276 1543 1337 1636; baseline -0.001 -19"><span class='ocrx_word' id='word_1_79' title='bbox 276 1579 288 1623; x_wconf 84' lang='lat' dir='ltr'>r</span> <span class='ocrx_word' id='word_1_80' title='bbox 371 1552 417 1618; x_wconf 88' lang='lat' dir='ltr'>At</span> <span class='ocrx_word' id='word_1_81' title='bbox 433 1543 550 1614; x_wconf 81' lang='lat' dir='ltr'>Neroni</span> <span class='ocrx_word' id='word_1_82' title='bbox 567 1550 695 1615; x_wconf 87' lang='lat' dir='ltr'>nuntios</span> <span class='ocrx_word' id='word_1_83' title='bbox 710 1551 824 1636; x_wconf 89' lang='lat' dir='ltr'>patrati</span> <span class='ocrx_word' id='word_1_84' title='bbox 845 1551 992 1616; x_wconf 85' lang='lat' dir='ltr'>facinoris</span> <span class='ocrx_word' id='word_1_85' title='bbox 1015 1549 1187 1636; x_wconf 87' lang='lat' dir='ltr'>opperienti</span> <span class='ocrx_word' id='word_1_86' title='bbox 1206 1544 1337 1616; x_wconf 80' lang='lat' dir='ltr'>affertur</span> 
     </span>
     <span class='ocr_line' id='line_1_14' title="bbox 307 1643 1335 1716; baseline -0.007 -1"><span class='ocrx_word' id='word_1_87' title='bbox 307 1647 446 1716; x_wconf 85' lang='lat' dir='ltr'>evasisse</span> <span class='ocrx_word' id='word_1_88' title='bbox 464 1644 528 1709; x_wconf 87' lang='lat' dir='ltr'>ictu</span> <span class='ocrx_word' id='word_1_89' title='bbox 545 1643 608 1708; x_wconf 90' lang='lat' dir='ltr'>levi</span> <span class='ocrx_word' id='word_1_90' title='bbox 626 1645 765 1708; x_wconf 88' lang='lat' dir='ltr'>sauciam</span> <span class='ocrx_word' id='word_1_91' title='bbox 782 1654 813 1708; x_wconf 90' lang='lat' dir='ltr'>et</span> <span class='ocrx_word' id='word_1_92' title='bbox 831 1645 981 1710; x_wconf 90' lang='lat' dir='ltr'>hactenus</span> <span class='ocrx_word' id='word_1_93' title='bbox 995 1646 1079 1712; x_wconf 92' lang='lat' dir='ltr'>adito</span> <span class='ocrx_word' id='word_1_94' title='bbox 1097 1646 1275 1712; x_wconf 88' lang='lat' dir='ltr'>discrimine</span> <span class='ocrx_word' id='word_1_95' title='bbox 1295 1669 1335 1709; x_wconf 92' lang='lat' dir='ltr'>ne</span> 
     </span>
     <span class='ocr_line' id='line_1_15' title="bbox 307 1738 1336 1824; baseline -0.001 -19"><span class='ocrx_word' id='word_1_96' title='bbox 307 1751 416 1805; x_wconf 86' lang='lat' dir='ltr'>auctor</span> <span class='ocrx_word' id='word_1_97' title='bbox 436 1739 642 1802; x_wconf 85' lang='lat' dir='ltr'>dubitaretur:</span> <span class='ocrx_word' id='word_1_98' title='bbox 670 1746 737 1801; x_wconf 92' lang='lat' dir='ltr'>tum</span> <span class='ocrx_word' id='word_1_99' title='bbox 758 1761 874 1823; x_wconf 90' lang='lat' dir='ltr'>pavore</span> <span class='ocrx_word' id='word_1_100' title='bbox 896 1738 1049 1803; x_wconf 82' lang='lat' dir='ltr'>exanimis</span> <span class='ocrx_word' id='word_1_101' title='bbox 1071 1749 1102 1804; x_wconf 90' lang='lat' dir='ltr'>et</span> <span class='ocrx_word' id='word_1_102' title='bbox 1123 1740 1336 1824; x_wconf 90' lang='lat' dir='ltr'>iamiamque</span> 
     </span>
     <span class='ocr_line' id='line_1_16' title="bbox 307 1825 1335 1918; baseline -0.001 -19"><span class='ocrx_word' id='word_1_103' title='bbox 307 1835 404 1899; x_wconf 71' lang='lat' dir='ltr'>afferre</span> <span class='ocrx_word' id='word_1_104' title='bbox 423 1831 583 1896; x_wconf 89' lang='lat' dir='ltr'>obtestans</span> <span class='ocrx_word' id='word_1_105' title='bbox 602 1830 757 1896; x_wconf 88' lang='lat' dir='ltr'>vindictae</span> <span class='ocrx_word' id='word_1_106' title='bbox 774 1825 952 1918; x_wconf 67' lang='lat' dir='ltr'>properam}</span> <span class='ocrx_word' id='word_1_107' title='bbox 973 1834 1038 1898; x_wconf 93' lang='lat' dir='ltr'>sive</span> <span class='ocrx_word' id='word_1_108' title='bbox 1057 1834 1183 1898; x_wconf 88' lang='lat' dir='ltr'>servitia</span> <span class='ocrx_word' id='word_1_109' title='bbox 1200 1849 1335 1900; x_wconf 77' lang='lat' dir='ltr'>:innaret</span> 
     </span>
     <span class='ocr_line' id='line_1_17' title="bbox 308 1927 1335 2015; baseline 0 -23"><span class='ocrx_word' id='word_1_110' title='bbox 308 1929 357 1994; x_wconf 89' lang='lat' dir='ltr'>vel</span> <span class='ocrx_word' id='word_1_111' title='bbox 375 1928 505 1992; x_wconf 89' lang='lat' dir='ltr'>militem</span> <span class='ocrx_word' id='word_1_112' title='bbox 523 1927 718 2005; x_wconf 88' lang='lat' dir='ltr'>accenderet,</span> <span class='ocrx_word' id='word_1_113' title='bbox 742 1927 810 1992; x_wconf 91' lang='lat' dir='ltr'>sive</span> <span class='ocrx_word' id='word_1_114' title='bbox 828 1929 868 1992; x_wconf 91' lang='lat' dir='ltr'>ad</span> <span class='ocrx_word' id='word_1_115' title='bbox 886 1939 1030 1994; x_wconf 89' lang='lat' dir='ltr'>senatum</span> <span class='ocrx_word' id='word_1_116' title='bbox 1047 1939 1078 1993; x_wconf 92' lang='lat' dir='ltr'>et</span> <span class='ocrx_word' id='word_1_117' title='bbox 1095 1929 1245 2015; x_wconf 91' lang='lat' dir='ltr'>populum</span> <span class='ocrx_word' id='word_1_118' title='bbox 1264 1951 1335 2015; x_wconf 92' lang='lat' dir='ltr'>per-</span> 
     </span>
     <span class='ocr_line' id='line_1_18' title="bbox 306 2020 1334 2107; baseline 0 -21"><span class='ocrx_word' id='word_1_119' title='bbox 306 2024 447 2099; x_wconf 89' lang='lat' dir='ltr'>vaderet,</span> <span class='ocrx_word' id='word_1_120' title='bbox 470 2020 667 2107; x_wconf 81' lang='lat' dir='ltr'>naufragium</span> <span class='ocrx_word' id='word_1_121' title='bbox 686 2031 717 2098; x_wconf 83' lang='lat' dir='ltr'>et</span> <span class='ocrx_word' id='word_1_122' title='bbox 739 2022 853 2088; x_wconf 86' lang='lat' dir='ltr'>vulnus</span> <span class='ocrx_word' id='word_1_123' title='bbox 871 2032 902 2090; x_wconf 85' lang='lat' dir='ltr'>ct</span> <span class='ocrx_word' id='word_1_124' title='bbox 923 2023 1103 2088; x_wconf 86' lang='lat' dir='ltr'>interfectos</span> <span class='ocrx_word' id='word_1_125' title='bbox 1126 2024 1242 2088; x_wconf 89' lang='lat' dir='ltr'>amicos</span> <span class='ocrx_word' id='word_1_126' title='bbox 1267 2023 1334 2088; x_wconf 91' lang='lat' dir='ltr'>obi-</span> 
     </span>
     <span class='ocr_line' id='line_1_19' title="bbox 306 2114 1333 2200; baseline -0.001 -19"><span class='ocrx_word' id='word_1_127' title='bbox 306 2117 431 2181; x_wconf 89' lang='lat' dir='ltr'>ciendo:</span> <span class='ocrx_word' id='word_1_128' title='bbox 455 2116 540 2198; x_wconf 90' lang='lat' dir='ltr'>quod</span> <span class='ocrx_word' id='word_1_129' title='bbox 563 2125 670 2180; x_wconf 89' lang='lat' dir='ltr'>contra</span> <span class='ocrx_word' id='word_1_130' title='bbox 693 2114 868 2180; x_wconf 89' lang='lat' dir='ltr'>subsidium</span> <span class='ocrx_word' id='word_1_131' title='bbox 890 2115 969 2187; x_wconf 88' lang='lat' dir='ltr'>sibi?</span> <span class='ocrx_word' id='word_1_132' title='bbox 990 2116 1052 2182; x_wconf 88' lang='lat' dir='ltr'>nisi</span> <span class='ocrx_word' id='word_1_133' title='bbox 1069 2118 1145 2200; x_wconf 91' lang='lat' dir='ltr'>quid</span> <span class='ocrx_word' id='word_1_134' title='bbox 1162 2118 1283 2182; x_wconf 88' lang='lat' dir='ltr'>Burrus</span> <span class='ocrx_word' id='word_1_135' title='bbox 1302 2134 1333 2181; x_wconf 87' lang='lat' dir='ltr'>ct</span> 
     </span>
     <span class='ocr_line' id='line_1_20' title="bbox 308 2210 1333 2296; baseline -0.001 -20"><span class='ocrx_word' id='word_1_136' title='bbox 308 2210 427 2277; x_wconf 85' lang='lat' dir='ltr'>Seneca</span> <span class='ocrx_word' id='word_1_137' title='bbox 446 2213 628 2296; x_wconf 82' lang='lat' dir='ltr'>expedirent</span> <span class='ocrx_word' id='word_1_138' title='bbox 634 2235 643 2288; x_wconf 93' lang='lat'>;</span> <span class='ocrx_word' id='word_1_139' title='bbox 662 2249 703 2258; x_wconf 84' lang='lat'>—-</span> <span class='ocrx_word' id='word_1_140' title='bbox 721 2232 800 2294; x_wconf 92' lang='lat' dir='ltr'>quos</span> <span class='ocrx_word' id='word_1_141' title='bbox 819 2212 923 2276; x_wconf 89' lang='lat' dir='ltr'>statim</span> <span class='ocrx_word' id='word_1_142' title='bbox 941 2212 1104 2289; x_wconf 85' lang='lat' dir='ltr'>acciverat,</span> <span class='ocrx_word' id='word_1_143' title='bbox 1122 2212 1272 2276; x_wconf 88' lang='lat' dir='ltr'>incertum</span> <span class='ocrx_word' id='word_1_144' title='bbox 1293 2235 1333 2276; x_wconf 89' lang='lat' dir='ltr'>an</span> 
     </span>
     <span class='ocr_line' id='line_1_21' title="bbox 306 2304 1332 2391; baseline -0.001 -20"><span class='ocrx_word' id='word_1_145' title='bbox 306 2319 337 2376; x_wconf 85' lang='lat' dir='ltr'>et</span> <span class='ocrx_word' id='word_1_146' title='bbox 354 2313 425 2370; x_wconf 89' lang='lat' dir='ltr'>ante</span> <span class='ocrx_word' id='word_1_147' title='bbox 443 2304 579 2390; x_wconf 88' lang='lat' dir='ltr'>ignaros.</span> <span class='ocrx_word' id='word_1_148' title='bbox 603 2304 698 2390; x_wconf 85' lang='lat' dir='ltr'>igitur</span> <span class='ocrx_word' id='word_1_149' title='bbox 714 2305 843 2391; x_wconf 88' lang='lat' dir='ltr'>longum</span> <span class='ocrx_word' id='word_1_150' title='bbox 861 2306 1023 2388; x_wconf 89' lang='lat' dir='ltr'>utriusque</span> <span class='ocrx_word' id='word_1_151' title='bbox 1042 2306 1213 2383; x_wconf 91' lang='lat' dir='ltr'>silentium,</span> <span class='ocrx_word' id='word_1_152' title='bbox 1232 2328 1271 2370; x_wconf 90' lang='lat' dir='ltr'>ne</span> <span class='ocrx_word' id='word_1_153' title='bbox 1290 2306 1332 2369; x_wconf 92' lang='lat' dir='ltr'>ir-</span> 
     </span>
     <span class='ocr_line' id='line_1_22' title="bbox 305 2398 1332 2485; baseline 0.002 -23"><span class='ocrx_word' id='word_1_154' title='bbox 305 2399 356 2462; x_wconf 88' lang='lat' dir='ltr'>riti</span> <span class='ocrx_word' id='word_1_155' title='bbox 373 2398 599 2476; x_wconf 85' lang='lat' dir='ltr'>dissuaderent,</span> <span class='ocrx_word' id='word_1_156' title='bbox 618 2423 659 2463; x_wconf 90' lang='lat' dir='ltr'>an</span> <span class='ocrx_word' id='word_1_157' title='bbox 671 2421 709 2464; x_wconf 92' lang='lat' dir='ltr'>eo</span> <span class='ocrx_word' id='word_1_158' title='bbox 722 2399 907 2468; x_wconf 86' lang='lat' dir='ltr'>descensum</span> <span class='ocrx_word' id='word_1_159' title='bbox 922 2399 1090 2466; x_wconf 88' lang='lat' dir='ltr'>credebant</span> <span class='ocrx_word' id='word_1_160' title='bbox 1107 2412 1149 2475; x_wconf 85' lang='lat' dir='ltr'>ut,</span> <span class='ocrx_word' id='word_1_161' title='bbox 1168 2400 1228 2464; x_wconf 91' lang='lat' dir='ltr'>nisi</span> <span class='ocrx_word' id='word_1_162' title='bbox 1241 2421 1332 2485; x_wconf 92' lang='lat' dir='ltr'>prae-</span> 
     </span>
     <span class='ocr_line' id='line_1_23' title="bbox 305 2492 1330 2580; baseline 0.002 -24"><span class='ocrx_word' id='word_1_163' title='bbox 305 2494 461 2558; x_wconf 82' lang='lat' dir='ltr'>veniretur</span> <span class='ocrx_word' id='word_1_164' title='bbox 482 2492 673 2580; x_wconf 84' lang='lat' dir='ltr'>Agrippina,</span> <span class='ocrx_word' id='word_1_165' title='bbox 700 2494 893 2578; x_wconf 90' lang='lat' dir='ltr'>pereundum</span> <span class='ocrx_word' id='word_1_166' title='bbox 914 2493 1030 2560; x_wconf 89' lang='lat' dir='ltr'>Neroni</span> <span class='ocrx_word' id='word_1_167' title='bbox 1053 2505 1145 2560; x_wconf 89' lang='lat' dir='ltr'>esset.</span> <span class='ocrx_word' id='word_1_168' title='bbox 1176 2505 1249 2580; x_wconf 90' lang='lat' dir='ltr'>post</span> <span class='ocrx_word' id='word_1_169' title='bbox 1272 2492 1330 2560; x_wconf 87' lang='lat' dir='ltr'>Sc·</span> 
     </span>
     <span class='ocr_line' id='line_1_24' title="bbox 304 2585 1330 2674; baseline 0 -23"><span class='ocrx_word' id='word_1_170' title='bbox 304 2609 382 2651; x_wconf 88' lang='lat' dir='ltr'>neca</span> <span class='ocrx_word' id='word_1_171' title='bbox 408 2587 558 2652; x_wconf 88' lang='lat' dir='ltr'>hactenus</span> <span class='ocrx_word' id='word_1_172' title='bbox 584 2588 773 2673; x_wconf 89' lang='lat' dir='ltr'>promptius,</span> <span class='ocrx_word' id='word_1_173' title='bbox 796 2600 833 2652; x_wconf 86' lang='lat' dir='ltr'>ut</span> <span class='ocrx_word' id='word_1_174' title='bbox 858 2588 1025 2674; x_wconf 88' lang='lat' dir='ltr'>respiceret</span> <span class='ocrx_word' id='word_1_175' title='bbox 1047 2589 1184 2653; x_wconf 90' lang='lat' dir='ltr'>Burrum</span> <span class='ocrx_word' id='word_1_176' title='bbox 1211 2610 1248 2652; x_wconf 89' lang='lat' dir='ltr'>ae</span> <span class='ocrx_word' id='word_1_177' title='bbox 1271 2585 1330 2674; x_wconf 90' lang='lat' dir='ltr'>[si]</span> 
     </span>
     <span class='ocr_line' id='line_1_25' title="bbox 304 2681 1331 2768; baseline 0.002 -24"><span class='ocrx_word' id='word_1_178' title='bbox 304 2682 510 2746; x_wconf 72' lang='lat' dir='ltr'>sciscitaretur</span> <span class='ocrx_word' id='word_1_179' title='bbox 530 2705 570 2746; x_wconf 89' lang='lat' dir='ltr'>an</span> <span class='ocrx_word' id='word_1_180' title='bbox 593 2681 682 2746; x_wconf 92' lang='lat' dir='ltr'>militi</span> <span class='ocrx_word' id='word_1_181' title='bbox 704 2681 886 2766; x_wconf 88' lang='lat' dir='ltr'>imperanda</span> <span class='ocrx_word' id='word_1_182' title='bbox 907 2683 1020 2748; x_wconf 86' lang='lat' dir='ltr'>caedes</span> <span class='ocrx_word' id='word_1_183' title='bbox 1041 2692 1135 2748; x_wconf 90' lang='lat' dir='ltr'>esset.</span> <span class='ocrx_word' id='word_1_184' title='bbox 1167 2682 1219 2746; x_wconf 89' lang='lat' dir='ltr'>illc</span> <span class='ocrx_word' id='word_1_185' title='bbox 1233 2689 1331 2768; x_wconf 88' lang='lat' dir='ltr'>&#39;prae-</span> 
     </span>
     <span class='ocr_line' id='line_1_26' title="bbox 304 2773 1331 2860; baseline 0.002 -22"><span class='ocrx_word' id='word_1_186' title='bbox 304 2776 441 2838; x_wconf 89' lang='lat' dir='ltr'>torianos</span> <span class='ocrx_word' id='word_1_187' title='bbox 459 2775 515 2839; x_wconf 89' lang='lat' dir='ltr'>toti</span> <span class='ocrx_word' id='word_1_188' title='bbox 530 2775 702 2840; x_wconf 85' lang='lat' dir='ltr'>Caesarum</span> <span class='ocrx_word' id='word_1_189' title='bbox 716 2776 823 2840; x_wconf 89' lang='lat' dir='ltr'>domui</span> <span class='ocrx_word' id='word_1_190' title='bbox 841 2776 1006 2842; x_wconf 83' lang='lat' dir='ltr'>obstrictos</span> <span class='ocrx_word' id='word_1_191' title='bbox 1020 2798 1235 2860; x_wconf 89' lang='lat' dir='ltr'>memoresque</span> <span class='ocrx_word' id='word_1_192' title='bbox 1250 2773 1331 2842; x_wconf 90' lang='lat' dir='ltr'>Ger-</span> 
     </span>
    </p>

    <p class='ocr_par' dir='ltr' id='par_1_4' title="bbox 276 2865 1330 3048">
     <span class='ocr_line' id='line_1_27' title="bbox 276 2865 1330 2955; baseline 0.004 -25"><span class='ocrx_word' id='word_1_193' title='bbox 276 2865 277 2872; x_wconf 61' lang='lat'><em>&#39;</em></span> <span class='ocrx_word' id='word_1_194' title='bbox 303 2869 417 2932; x_wconf 90' lang='lat' dir='ltr'>manici</span> <span class='ocrx_word' id='word_1_195' title='bbox 441 2868 517 2931; x_wconf 91' lang='lat' dir='ltr'>nihil</span> <span class='ocrx_word' id='word_1_196' title='bbox 536 2869 689 2933; x_wconf 89' lang='lat' dir='ltr'>adversus</span> <span class='ocrx_word' id='word_1_197' title='bbox 712 2870 892 2955; x_wconf 87' lang='lat' dir='ltr'>progeniem</span> <span class='ocrx_word' id='word_1_198' title='bbox 919 2871 986 2935; x_wconf 93' lang='lat' dir='ltr'>eius</span> <span class='ocrx_word' id='word_1_199' title='bbox 1013 2880 1102 2936; x_wconf 83' lang='lat' dir='ltr'>atrox</span> <span class='ocrx_word' id='word_1_200' title='bbox 1128 2892 1259 2936; x_wconf 88' lang='lat' dir='ltr'>ausuros</span> <span class='ocrx_word' id='word_1_201' title='bbox 1280 2892 1330 2934; x_wconf 91' lang='lat' dir='ltr'>re-</span> 
     </span>
     <span class='ocr_line' id='line_1_28' title="bbox 305 2961 1329 3048; baseline 0.005 -25"><span class='ocrx_word' id='word_1_202' title='bbox 305 2961 444 3045; x_wconf 90' lang='lat' dir='ltr'>spondit:</span> <span class='ocrx_word' id='word_1_203' title='bbox 459 2971 649 3046; x_wconf 89' lang='lat' dir='ltr'>perpetraret</span> <span class='ocrx_word' id='word_1_204' title='bbox 657 2961 812 3028; x_wconf 81' lang='lat' dir='ltr'>Anicetus</span> <span class='ocrx_word' id='word_1_205' title='bbox 826 2965 989 3048; x_wconf 89' lang='lat' dir='ltr'>promissa.</span> <span class='ocrx_word' id='word_1_206' title='bbox 1008 2965 1062 3048; x_wconf 93' lang='lat' dir='ltr'>qui</span> <span class='ocrx_word' id='word_1_207' title='bbox 1076 2965 1152 3028; x_wconf 91' lang='lat' dir='ltr'>nihil</span> <span class='ocrx_word' id='word_1_208' title='bbox 1166 2973 1329 3029; x_wconf 87' lang='lat' dir='ltr'>cunctatus</span> 
     </span>
    </p>

    <p class='ocr_par' dir='ltr' id='par_1_5' title="bbox 262 3053 1328 3802">
     <span class='ocr_line' id='line_1_29' title="bbox 262 3053 1328 3138; baseline 0.008 -24"><span class='ocrx_word' id='word_1_209' title='bbox 262 3107 264 3114; x_wconf 93' lang='lat'><em>.</em></span> <span class='ocrx_word' id='word_1_210' title='bbox 303 3053 405 3138; x_wconf 87' lang='lat' dir='ltr'>poscit</span> <span class='ocrx_word' id='word_1_211' title='bbox 423 3077 578 3122; x_wconf 88' lang='lat' dir='ltr'>summam</span> <span class='ocrx_word' id='word_1_212' title='bbox 596 3055 731 3120; x_wconf 87' lang='lat' dir='ltr'>sceleris.</span> <span class='ocrx_word' id='word_1_213' title='bbox 755 3057 796 3120; x_wconf 89' lang='lat' dir='ltr'>ad</span> <span class='ocrx_word' id='word_1_214' title='bbox 813 3079 883 3122; x_wconf 88' lang='lat' dir='ltr'>eam</span> <span class='ocrx_word' id='word_1_215' title='bbox 900 3081 1011 3122; x_wconf 88' lang='lat' dir='ltr'>vocem</span> <span class='ocrx_word' id='word_1_216' title='bbox 1027 3058 1111 3122; x_wconf 88' lang='lat' dir='ltr'>Nero</span> <span class='ocrx_word' id='word_1_217' title='bbox 1128 3057 1181 3123; x_wconf 87' lang='lat' dir='ltr'>illo</span> <span class='ocrx_word' id='word_1_218' title='bbox 1200 3057 1259 3122; x_wconf 92' lang='lat' dir='ltr'>sibi</span> <span class='ocrx_word' id='word_1_219' title='bbox 1277 3058 1328 3122; x_wconf 90' lang='lat' dir='ltr'>die</span> 
     </span>
     <span class='ocr_line' id='line_1_30' title="bbox 304 3141 1328 3236; baseline 0.006 -26"><span class='ocrx_word' id='word_1_220' title='bbox 304 3146 371 3210; x_wconf 91' lang='lat' dir='ltr'>dari</span> <span class='ocrx_word' id='word_1_221' title='bbox 392 3148 556 3233; x_wconf 87' lang='lat' dir='ltr'>imperium</span> <span class='ocrx_word' id='word_1_222' title='bbox 579 3159 799 3234; x_wconf 84' lang='lat' dir='ltr'>auctoremque</span> <span class='ocrx_word' id='word_1_223' title='bbox 817 3151 894 3215; x_wconf 91' lang='lat' dir='ltr'>tanti</span> <span class='ocrx_word' id='word_1_224' title='bbox 912 3152 1049 3216; x_wconf 92' lang='lat' dir='ltr'>muneris</span> <span class='ocrx_word' id='word_1_225' title='bbox 1071 3151 1216 3216; x_wconf 90' lang='lat' dir='ltr'>libertum</span> <span class='ocrx_word' id='word_1_226' title='bbox 1233 3141 1328 3236; x_wconf 85' lang='lat' dir='ltr'>profi·</span> 
     </span>
     <span class='ocr_line' id='line_1_31' title="bbox 303 3237 1326 3331; baseline 0.007 -28"><span class='ocrx_word' id='word_1_227' title='bbox 303 3251 396 3304; x_wconf 90' lang='lat' dir='ltr'>tetur:</span> <span class='ocrx_word' id='word_1_228' title='bbox 411 3242 469 3305; x_wconf 91' lang='lat' dir='ltr'>iret</span> <span class='ocrx_word' id='word_1_229' title='bbox 481 3265 611 3327; x_wconf 90' lang='lat' dir='ltr'>propere</span> <span class='ocrx_word' id='word_1_230' title='bbox 626 3244 814 3328; x_wconf 87' lang='lat' dir='ltr'>duceretque</span> <span class='ocrx_word' id='word_1_231' title='bbox 827 3246 1076 3330; x_wconf 89' lang='lat' dir='ltr'>promptissimos</span> <span class='ocrx_word' id='word_1_232' title='bbox 1090 3246 1131 3310; x_wconf 90' lang='lat' dir='ltr'>ad</span> <span class='ocrx_word' id='word_1_233' title='bbox 1144 3246 1238 3310; x_wconf 87' lang='lat' dir='ltr'>iussa.</span> <span class='ocrx_word' id='word_1_234' title='bbox 1254 3237 1326 3331; x_wconf 90' lang='lat' dir='ltr'>ipsc</span> 
     </span>
     <span class='ocr_line' id='line_1_32' title="bbox 303 3337 1327 3426; baseline 0.005 -27"><span class='ocrx_word' id='word_1_235' title='bbox 303 3337 409 3400; x_wconf 90' lang='lat' dir='ltr'>audito</span> <span class='ocrx_word' id='word_1_236' title='bbox 427 3338 551 3402; x_wconf 89' lang='lat' dir='ltr'>venisse</span> <span class='ocrx_word' id='word_1_237' title='bbox 569 3338 668 3402; x_wconf 88' lang='lat' dir='ltr'>missu</span> <span class='ocrx_word' id='word_1_238' title='bbox 681 3337 877 3424; x_wconf 87' lang='lat' dir='ltr'>Agrippinae</span> <span class='ocrx_word' id='word_1_239' title='bbox 894 3341 1038 3404; x_wconf 90' lang='lat' dir='ltr'>nuntium</span> <span class='ocrx_word' id='word_1_240' title='bbox 1055 3339 1239 3426; x_wconf 86' lang='lat' dir='ltr'>Agerinum,</span> <span class='ocrx_word' id='word_1_241' title='bbox 1260 3363 1327 3404; x_wconf 88' lang='lat' dir='ltr'>sce-</span> 
     </span>
     <span class='ocr_line' id='line_1_33' title="bbox 302 3430 1327 3519; baseline 0.007 -28"><span class='ocrx_word' id='word_1_242' title='bbox 302 3452 374 3492; x_wconf 89' lang='lat' dir='ltr'>nam</span> <span class='ocrx_word' id='word_1_243' title='bbox 392 3430 475 3494; x_wconf 89' lang='lat' dir='ltr'>nltro</span> <span class='ocrx_word' id='word_1_244' title='bbox 491 3431 628 3496; x_wconf 88' lang='lat' dir='ltr'>criminis</span> <span class='ocrx_word' id='word_1_245' title='bbox 645 3443 749 3518; x_wconf 87' lang='lat' dir='ltr'>purat,</span> <span class='ocrx_word' id='word_1_246' title='bbox 768 3433 979 3518; x_wconf 85' lang='lat' dir='ltr'>gladiumque,</span> <span class='ocrx_word' id='word_1_247' title='bbox 999 3434 1075 3498; x_wconf 90' lang='lat' dir='ltr'>dum</span> <span class='ocrx_word' id='word_1_248' title='bbox 1092 3434 1239 3502; x_wconf 84' lang='lat' dir='ltr'>mandata</span> <span class='ocrx_word' id='word_1_249' title='bbox 1255 3456 1327 3519; x_wconf 86' lang='lat' dir='ltr'>per·</span> 
     </span>
     <span class='ocr_line' id='line_1_34' title="bbox 301 3523 1327 3616; baseline 0.007 -31"><span class='ocrx_word' id='word_1_250' title='bbox 301 3523 375 3598; x_wconf 85' lang='lat' dir='ltr'>fert,</span> <span class='ocrx_word' id='word_1_251' title='bbox 399 3523 493 3588; x_wconf 85' lang='lat' dir='ltr'>abicit</span> <span class='ocrx_word' id='word_1_252' title='bbox 509 3525 589 3589; x_wconf 91' lang='lat' dir='ltr'>inter</span> <span class='ocrx_word' id='word_1_253' title='bbox 605 3527 701 3611; x_wconf 90' lang='lat' dir='ltr'>pedes</span> <span class='ocrx_word' id='word_1_254' title='bbox 720 3527 801 3604; x_wconf 89' lang='lat' dir='ltr'>eius,</span> <span class='ocrx_word' id='word_1_255' title='bbox 821 3536 888 3591; x_wconf 88' lang='lat' dir='ltr'>turn</span> <span class='ocrx_word' id='word_1_256' title='bbox 905 3528 995 3610; x_wconf 89' lang='lat' dir='ltr'>quasi</span> <span class='ocrx_word' id='word_1_257' title='bbox 1013 3527 1206 3616; x_wconf 85' lang='lat' dir='ltr'>deprehenso</span> <span class='ocrx_word' id='word_1_258' title='bbox 1224 3527 1327 3592; x_wconf 87' lang='lat' dir='ltr'>vinela</span> 
     </span>
     <span class='ocr_line' id='line_1_35' title="bbox 301 3617 1327 3708; baseline 0.008 -29"><span class='ocrx_word' id='word_1_259' title='bbox 301 3617 374 3680; x_wconf 90' lang='lat' dir='ltr'>inici</span> <span class='ocrx_word' id='word_1_260' title='bbox 386 3617 481 3695; x_wconf 92' lang='lat' dir='ltr'>iubet,</span> <span class='ocrx_word' id='word_1_261' title='bbox 502 3627 536 3682; x_wconf 93' lang='lat' dir='ltr'>ut</span> <span class='ocrx_word' id='word_1_262' title='bbox 549 3621 678 3683; x_wconf 87' lang='lat' dir='ltr'>exitium</span> <span class='ocrx_word' id='word_1_263' title='bbox 695 3621 844 3706; x_wconf 84' lang='lat' dir='ltr'>principis</span> <span class='ocrx_word' id='word_1_264' title='bbox 858 3622 996 3686; x_wconf 89' lang='lat' dir='ltr'>molitam</span> <span class='ocrx_word' id='word_1_265' title='bbox 1014 3632 1145 3686; x_wconf 89' lang='lat' dir='ltr'>matrem</span> <span class='ocrx_word' id='word_1_266' title='bbox 1163 3630 1194 3687; x_wconf 90' lang='lat' dir='ltr'>et</span> <span class='ocrx_word' id='word_1_267' title='bbox 1206 3622 1327 3708; x_wconf 89' lang='lat' dir='ltr'>pudore</span> 
     </span>
     <span class='ocr_line' id='line_1_36' title="bbox 302 3710 1325 3802; baseline 0.006 -28"><span class='ocrx_word' id='word_1_268' title='bbox 302 3710 486 3796; x_wconf 87' lang='lat' dir='ltr'>deprehensi</span> <span class='ocrx_word' id='word_1_269' title='bbox 509 3713 635 3778; x_wconf 87' lang='lat' dir='ltr'>sceleris</span> <span class='ocrx_word' id='word_1_270' title='bbox 655 3723 766 3798; x_wconf 90' lang='lat' dir='ltr'>sponte</span> <span class='ocrx_word' id='word_1_271' title='bbox 783 3725 914 3780; x_wconf 88' lang='lat' dir='ltr'>mortem</span> <span class='ocrx_word' id='word_1_272' title='bbox 933 3716 1107 3801; x_wconf 86' lang='lat' dir='ltr'>sumpsisse</span> <span class='ocrx_word' id='word_1_273' title='bbox 1124 3715 1325 3802; x_wconf 89' lang='lat' dir='ltr'>confingeret.</span> 
     </span>
    </p>

    <p class='ocr_par' dir='ltr' id='par_1_6' title="bbox 267 3804 1327 4270">
     <span class='ocr_line' id='line_1_37' title="bbox 267 3804 1327 3894; baseline 0.005 -25"><span class='ocrx_word' id='word_1_274' title='bbox 267 3825 282 3869; x_wconf 83' lang='lat' dir='ltr'>s</span> <span class='ocrx_word' id='word_1_275' title='bbox 364 3804 494 3868; x_wconf 89' lang='lat' dir='ltr'>Interim</span> <span class='ocrx_word' id='word_1_276' title='bbox 516 3806 644 3892; x_wconf 81' lang='lat' dir='ltr'>vulgato</span> <span class='ocrx_word' id='word_1_277' title='bbox 662 3807 859 3893; x_wconf 87' lang='lat' dir='ltr'>Agrippinae</span> <span class='ocrx_word' id='word_1_278' title='bbox 875 3809 1027 3894; x_wconf 86' lang='lat' dir='ltr'>periculo,</span> <span class='ocrx_word' id='word_1_279' title='bbox 1051 3811 1142 3892; x_wconf 90' lang='lat' dir='ltr'>quasi</span> <span class='ocrx_word' id='word_1_280' title='bbox 1159 3832 1237 3875; x_wconf 87' lang='lat' dir='ltr'>casu</span> <span class='ocrx_word' id='word_1_281' title='bbox 1254 3832 1327 3874; x_wconf 88' lang='lat' dir='ltr'>eve-</span> 
     </span>
     <span class='ocr_line' id='line_1_38' title="bbox 300 3900 1326 3987; baseline 0.007 -26"><span class='ocrx_word' id='word_1_282' title='bbox 300 3900 411 3975; x_wconf 89' lang='lat' dir='ltr'>nisset,</span> <span class='ocrx_word' id='word_1_283' title='bbox 435 3909 469 3962; x_wconf 91' lang='lat' dir='ltr'>ut</span> <span class='ocrx_word' id='word_1_284' title='bbox 491 3900 624 3983; x_wconf 90' lang='lat' dir='ltr'>quisque</span> <span class='ocrx_word' id='word_1_285' title='bbox 645 3912 821 3987; x_wconf 88' lang='lat' dir='ltr'>acceperat,</span> <span class='ocrx_word' id='word_1_286' title='bbox 844 3903 1006 3968; x_wconf 91' lang='lat' dir='ltr'>decurrere</span> <span class='ocrx_word' id='word_1_287' title='bbox 1029 3905 1070 3968; x_wconf 92' lang='lat' dir='ltr'>ad</span> <span class='ocrx_word' id='word_1_288' title='bbox 1091 3904 1179 3982; x_wconf 88' lang='lat' dir='ltr'>litus;</span> <span class='ocrx_word' id='word_1_289' title='bbox 1203 3902 1237 3968; x_wconf 91' lang='lat' dir='ltr'>hi</span> <span class='ocrx_word' id='word_1_290' title='bbox 1258 3926 1326 3968; x_wconf 92' lang='lat' dir='ltr'>mo-</span> 
     </span>
     <span class='ocr_line' id='line_1_39' title="bbox 298 3989 1325 4081; baseline 0.008 -27"><span class='ocrx_word' id='word_1_291' title='bbox 298 3989 376 4054; x_wconf 89' lang='lat' dir='ltr'>lium</span> <span class='ocrx_word' id='word_1_292' title='bbox 390 3991 540 4070; x_wconf 86' lang='lat' dir='ltr'>obiectns,</span> <span class='ocrx_word' id='word_1_293' title='bbox 555 3993 586 4056; x_wconf 94' lang='lat' dir='ltr'>hi</span> <span class='ocrx_word' id='word_1_294' title='bbox 595 3995 754 4079; x_wconf 86' lang='lat' dir='ltr'>proximas</span> <span class='ocrx_word' id='word_1_295' title='bbox 769 3996 902 4081; x_wconf 88' lang='lat' dir='ltr'>scaphas</span> <span class='ocrx_word' id='word_1_296' title='bbox 918 3997 1083 4076; x_wconf 84' lang='lat' dir='ltr'>scandere3</span> <span class='ocrx_word' id='word_1_297' title='bbox 1096 3999 1158 4074; x_wconf 89' lang='lat' dir='ltr'>alii,</span> <span class='ocrx_word' id='word_1_298' title='bbox 1173 4007 1325 4080; x_wconf 87' lang='lat' dir='ltr'>quantum</span> 
     </span>
     <span class='ocr_line' id='line_1_40' title="bbox 299 4083 1323 4177; baseline 0.006 -29"><span class='ocrx_word' id='word_1_299' title='bbox 299 4107 412 4170; x_wconf 90' lang='lat' dir='ltr'>corpus</span> <span class='ocrx_word' id='word_1_300' title='bbox 427 4083 557 4164; x_wconf 84' lang='lat' dir='ltr'>sinebat,</span> <span class='ocrx_word' id='word_1_301' title='bbox 571 4089 684 4153; x_wconf 85' lang='lat' dir='ltr'>vadere</span> <span class='ocrx_word' id='word_1_302' title='bbox 697 4090 730 4153; x_wconf 93' lang='lat' dir='ltr'>in</span> <span class='ocrx_word' id='word_1_303' title='bbox 743 4113 842 4169; x_wconf 85' lang='lat' dir='ltr'>mare3</span> <span class='ocrx_word' id='word_1_304' title='bbox 859 4089 987 4175; x_wconf 88' lang='lat' dir='ltr'>quidam</span> <span class='ocrx_word' id='word_1_305' title='bbox 1000 4115 1112 4159; x_wconf 90' lang='lat' dir='ltr'>manus</span> <span class='ocrx_word' id='word_1_306' title='bbox 1125 4091 1323 4177; x_wconf 79' lang='lat' dir='ltr'>protendere3</span> 
     </span>
     <span class='ocr_line' id='line_1_41' title="bbox 299 4179 1324 4270; baseline 0.007 -29"><span class='ocrx_word' id='word_1_307' title='bbox 299 4179 475 4262; x_wconf 89' lang='lat' dir='ltr'>questibus,</span> <span class='ocrx_word' id='word_1_308' title='bbox 499 4181 594 4258; x_wconf 87' lang='lat' dir='ltr'>votis,</span> <span class='ocrx_word' id='word_1_309' title='bbox 623 4183 757 4247; x_wconf 88' lang='lat' dir='ltr'>clamore</span> <span class='ocrx_word' id='word_1_310' title='bbox 770 4185 898 4251; x_wconf 88' lang='lat' dir='ltr'>diversa</span> <span class='ocrx_word' id='word_1_311' title='bbox 915 4185 1117 4270; x_wconf 76' lang='lat' dir='ltr'>rogitantium</span> <span class='ocrx_word' id='word_1_312' title='bbox 1135 4195 1189 4250; x_wconf 92' lang='lat' dir='ltr'>aut</span> <span class='ocrx_word' id='word_1_313' title='bbox 1205 4185 1324 4248; x_wconf 89' lang='lat' dir='ltr'>ineerta</span> 
     </span>
    </p>
   </div>
   <div class='ocr_carea' id='block_1_3' title="bbox 0 0 1524 5046">
    <p class='ocr_par' dir='ltr' id='par_1_7' title="bbox 0 0 1524 5046">
     <span class='ocr_line' id='line_1_42' title="bbox 0 0 1524 5046; baseline 0 3"><span class='ocrx_word' id='word_1_314' title='bbox 0 0 1524 5046; x_wconf 95' lang='lat' dir='ltr'> </span> 
     </span>
    </p>
   </div>
  </div>
 </body>
</html>
