2760 4874
392 357 599 416 ANNALIUll
617 359 691 414 LIB.
705 359 772 413 XII.
790 359 909 414 54-58.
1098 348 1160 413 221

140 449 297 500 pmmm

138 519 285 584 barorum
303 517 408 602 copias
428 518 641 596 dissociasset,
661 516 843 582 Troxobore
861 517 1031 602 paucisque
1048 517 1163 603 primo-

137 612 224 676 ribus
242 611 412 675 intcrfectis
431 621 550 677 eeteros
568 612 731 677 clementia
749 612 932 696 composuit.

206 704 273 771 Sub
292 706 375 769 idem
389 715 512 791 tempus
529 707 610 772 inter
622 705 725 770 laeum
738 706 894 769 Fucinum
911 708 1163 789 amnemqueLi-
1182 729 1214 775 56

138 801 198 864 rim
218 809 366 885 perrupto
388 810 507 877 monte,
530 823 593 884 quo
615 799 847 885 magnificentia
864 801 966 885 operis
986 801 1163 886 apluribus

141 896 299 971 viseretur,
318 895 389 958 lacu
401 895 434 958 in
450 895 520 980 ipso
532 895 643 960 navale
656 895 808 979 proelium
822 895 998 972 adornatur,
1016 905 1052 959 ut
1064 918 1164 978 quon-

138 991 212 1052 dam
234 980 400 1073 Augustus
412 996 529 1054 structo
539 1001 624 1053 trena
640 988 779 1053 Tiberim
806 998 932 1074 stagno,
960 989 1016 1053 scd
1041 989 1163 1054 levibus

136 1082 272 1167 nauigiis
291 1090 322 1146 et
339 1083 457 1147 minore
476 1084 566 1167 copia
583 1083 736 1148 ediderat:
760 1082 912 1148 Claudius
930 1084 1070 1150 triremos
1088 1094 1165 1168 qua-

137 1177 349 1258 driremesque
368 1185 399 1240 ct
415 1176 610 1262 undeviginti
627 1177 788 1242 hominum
801 1177 887 1241 milia
903 1178 1043 1255 armavit,
1063 1178 1164 1242 cincto

136 1269 258 1334 ratibus
276 1267 408 1345 ambitu,
427 1292 467 1333 ne
485 1293 567 1355 vaga
585 1270 703 1355 effugia
720 1269 831 1347 forent,
850 1291 888 1334 ao
906 1279 1010 1335 tamen
1029 1271 1164 1356 spatium

137 1363 302 1447 amplexus
325 1364 366 1426 ad
386 1363 451 1426 vim
476 1364 614 1449 remigii,
641 1362 883 1448 gubernantium
905 1373 1001 1441 artes,
1028 1364 1164 1449 impetus

136 1457 266 1521 navium
288 1465 319 1520 et
339 1456 458 1541 proelio
481 1457 581 1521 solita.
611 1457 645 1520 in
665 1457 784 1521 ratibus
810 1458 1034 1543 praetoriarum
1056 1458 1166 1522 cohor-

136 1553 217 1616 tium
234 1550 384 1636 manipuli
397 1560 579 1634 turmacque
592 1551 774 1615 adstiterunt
791 1552 972 1637 antepositis
986 1574 1166 1638 propugna-

137 1646 232 1722 culis,
251 1667 290 1708 ex
307 1646 377 1728 quis
396 1646 571 1730 catapultae
588 1646 793 1729 ballistaeque
811 1648 1024 1725 tenderentur3
1046 1647 1166 1729 reliqua

136 1741 225 1805 lacus
248 1740 398 1804 classiarii
420 1741 508 1805 tectis
531 1741 664 1806 navibus
687 1736 882 1821 obtinebant3
909 1742 993 1828 ripas
1016 1752 1047 1807 et
1069 1742 1164 1806 colles

137 1857 176 1899 ao
198 1834 351 1898 montium
373 1835 456 1898 edita
477 1835 510 1898 in
531 1836 659 1900 modum
681 1836 793 1901 theatri
814 1837 981 1901 multitudo
1002 1837 1166 1900 innumera

136 1928 306 2012 complevit
322 1929 472 2011 proximis
490 1929 716 2013 municipiis,
740 1939 771 1993 et
788 1929 840 1993 alii
862 1929 939 1994 urbe
957 1952 997 1993 ex
1014 1930 1097 2015 ipsa,
1119 1930 1166 1993 ri-

137 2022 229 2088 sendi
246 2022 391 2106 cupidine
409 2030 463 2086 aut
480 2022 585 2086 officio
602 2022 635 2086 in
652 2024 823 2108 principem
829 2048 838 2101 3
856 2023 925 2108 ipse
942 2023 1059 2108 insigni
1076 2022 1165 2107 palu-

136 2116 299 2193 damento,
318 2137 420 2197 neque
436 2117 545 2200 procul
563 2116 740 2201 Agrippina
758 2116 922 2201 chlamyde
940 2125 1057 2192 aurata,
1076 2137 1166 2201 prac-

138 2209 258 2276 sedere.
275 2218 458 2294 pugnatum,
473 2231 663 2292 quamquam
671 2210 751 2273 inter
761 2220 876 2287 sontes,
891 2210 1019 2274 fortium
1028 2210 1165 2272 virorum

137 2304 257 2381 unim03
280 2325 317 2366 ac
333 2311 405 2387 post
422 2303 556 2366 multum
573 2303 737 2367 vulnerum
755 2303 909 2367 occidioni
927 2303 1063 2387 exempti
1081 2310 1164 2366 sunt.
1238 2375 1241 2379 ,

205 2394 271 2462 Sed
288 2396 426 2481 perfecto
449 2397 627 2481 spectaculo
649 2408 792 2482 apertum
814 2420 966 2480 aquarum
983 2397 1054 2460 iter:
1078 2396 1165 2459 incu—
1184 2417 1214 2464 or

135 2490 186 2556 ria
203 2491 304 2576 operis
318 2491 485 2555 manifesta
498 2491 566 2568 fuit,
585 2490 671 2556 haud
688 2493 764 2557 satis
782 2492 922 2577 depressi
940 2492 981 2555 ad
998 2492 1084 2555 lacus
1102 2491 1167 2555 ima

138 2585 191 2650 vel
208 2586 324 2662 media,
343 2608 452 2669 eoque,
472 2597 610 2670 tempore
627 2587 797 2665 interiecto,
817 2589 910 2651 altius
928 2587 1035 2651 effossi
1053 2608 1166 2672 specus

138 2689 171 2745 et
189 2680 416 2744 contrahendae
437 2703 545 2745 rursus
567 2681 758 2745 multitudini
774 2681 983 2767 gladiatorum
1006 2690 1167 2766 spectacu-

138 2774 205 2838 lum
224 2774 325 2838 editur
341 2774 446 2838 inditis
460 2775 607 2859 pontibus
620 2775 798 2860 pedestrem
816 2776 857 2839 ad
874 2796 1023 2861 pugnam.
1046 2775 1122 2857 quin
1136 2782 1168 2838 et

139 2868 318 2932 convivium
336 2867 463 2932 effluvio
481 2868 567 2933 lacus
585 2869 763 2954 appositum
781 2892 896 2956 magua
908 2868 1074 2935 formidine
1092 2890 1168 2932 cun-

139 2970 207 3025 ctos
225 2961 339 3037 affecit,
358 2962 432 3043 quia
449 2962 497 3024 vis
516 2983 668 3043 aquarum
680 2986 887 3048 prorumpens
905 2963 1049 3049 proxima
1066 2961 1169 3026 trahe-

138 3056 207 3132 bat,
227 3055 384 3119 convulsis
405 3053 601 3120 ulterioribus
620 3066 674 3120 aut
690 3057 815 3143 fragore
834 3067 865 3122 et
882 3058 985 3122 souitu
1004 3056 1167 3121 exterritis.

140 3149 234 3212 simul
246 3147 423 3234 Agrippina
436 3149 640 3233 trepidatione
658 3151 807 3236 principis
826 3174 884 3215 usa
901 3150 1077 3215 ministrum
1095 3171 1170 3233 opo·-

138 3243 184 3307 ris
201 3242 383 3306 Narcissum
401 3242 523 3307 incusat
536 3244 690 3328 cupidinis
709 3267 746 3308 ac
758 3245 958 3330 praedarumz
976 3265 1035 3306 neo
1051 3242 1104 3306 ille
1122 3263 1170 3305 re·

139 3337 224 3412 ticet,
242 3336 446 3420 inpotentiam
460 3337 643 3401 muliebrem
655 3337 831 3421 nimiasque
850 3359 923 3422 spes
936 3336 1004 3401 cius
1022 3357 1168 3421 arguens.

204 3428 248 3492 D.
268 3429 363 3506 lunio,
384 3428 424 3511 Q.
443 3429 585 3496 Hammo
604 3430 785 3495 consulibus
804 3430 942 3495 sedecim
958 3451 1057 3494 annos
1074 3436 1167 3492 natus
1187 3442 1219 3490 58

139 3522 223 3588 Nero
242 3521 419 3600 Octaviam,
439 3523 585 3588 Caesaris
603 3525 714 3602 filiam,
732 3525 766 3589 iu
783 3522 1015 3590 matrimonium
1033 3521 1169 3607 accepit3

140 3627 237 3700 utque
248 3618 358 3682 studiis
368 3619 506 3683 honestis
517 3632 544 3683 et
553 3618 747 3702 eloquentiae
756 3620 857 3706 gloria
865 3618 1059 3695 enitesceret,
1073 3638 1171 3682 causa

139 3711 303 3775 Iliensium
317 3722 463 3797 suscepta
471 3712 649 3777 Romanum
659 3714 755 3778 Troia
763 3713 935 3778 demissum
948 3722 979 3777 et
986 3710 1087 3775 Iuliae
1100 3710 1171 3775 stir-

139 3805 190 3891 pis
208 3815 367 3869 auctorem
379 3805 524 3870 Aeneam
541 3807 664 3890 aliaque
676 3807 762 3872 haud
778 3807 889 3892 procul
901 3805 1017 3871 fabulis
1037 3802 1168 3891 [vetera]

140 3899 276 3964 l'acunde
299 3912 448 3965 executus
470 3911 628 3987 perpetrat
648 3910 684 3966 ut
700 3902 832 3967 Ilienses
856 3901 941 3966 omni
957 3899 1085 3986 publico
1101 3922 1170 3963 mu-

140 4015 215 4057 nere
234 3994 436 4059 solverentur.
465 3996 574 4060 codem
593 4004 714 4060 oratore
731 3994 925 4061 Bononiensi
946 3993 1086 4060 coloniae
1102 3993 1170 4081 igni

139 4087 272 4152 haustae
282 4086 471 4155 subventum
480 4090 597 4156 centies
607 4091 741 4157 sestertii
749 4090 922 4178 largitione.
940 4088 1171 4156 redditurRho-

1173 4276 1275 4335 ss
