2760 4874
309 337 313 345 ’
407 340 614 406 ANNALIUM
633 347 706 402 LIB.
721 348 785 405 XV.
804 349 888 403 3-7.
1096 336 1158 413 287

139 452 159 490 p.
170 440 209 480 Cb.
220 441 252 479 62.

138 517 221 572 certa
247 506 427 581 distantem,
455 505 521 569 adit
541 527 649 590 regern
671 505 870 570 et‘mandata
893 505 1036 570 ferociter
1054 507 1159 570 edidit.

137 600 289 687 Vologesi
307 610 397 665 vetus
421 609 452 663 et
472 599 596 683 penitus
615 598 746 678 infixum
764 608 830 666 erat
847 622 934 663 arma
950 599 1094 665 Romana
1114 601 1162 663 vi-

137 696 237 772 tandi;
256 717 314 760 nec
331 694 508 780 praesentia
525 714 673 777 prospere
686 692 837 758 fluebant:
854 693 976 757 irritum
989 694 1160 773 obsidium3

137 800 222 853 tutus
241 812 336 853 manu
355 799 385 852 et
403 788 500 872 copiis
520 787 688 873 Tigranes3
707 787 808 874 fugati
826 789 880 870 qul
898 789 1162 874 expugnationem

138 892 349 969 sumpserant3
376 882 493 947 missae
513 883 546 945 in
563 881 924 968 Armeniam-legiones,
952 894 983 949 et
1004 884 1084 949 aliae
1104 905 1161 969 pro

139 976 233 1063 Syria
249 987 376 1062 paratae
389 977 471 1041 ultro
485 977 670 1061 irrumpere3
690 976 750 1040 sibi
762 975 943 1041 inbecillum
957 978 1094 1061 equitem
1107 1000 1163 1062 pa-

138 1071 203 1136 buli
225 1072 345 1156 inopia3
371 1094 444 1134 nam
467 1080 575 1135 exorta
597 1071 645 1134 vis
667 1070 858 1135 locustarum
880 1071 1054 1137 ambederat
1065 1071 1162 1154 quid·
1191 1085 1202 1096 ‘

137 1166 214 1248 quid
222 1164 387 1230 herbidum
396 1174 450 1229 aut
463 1164 660 1232 frondosum:
678 1164 775 1250 igitur
783 1175 869 1229 metu
882 1165 1029 1231 abstruso
1039 1165 1162 1230 mitiora

137 1261 325 1337 obtendens,
340 1259 523 1324 'missurum
546 1260 587 1323 acl
603 1259 827 1344 imperatorem·
840 1259 1019 1324 Romanurn
1040 1260 1161 1346 legatos

138 1377 232 1439 super
248 1354 383 1439 petenda
400 1353 553 1417 Armenia
571 1362 601 1417 et
619 1352 770 1418 firmanda
791 1375 869 1438 pace
886 1355 1067 1438 respondet3
1090 1353 1163 1419 Mo·

136 1470 234 1512 nesen
251 1447 392 1513 omittere
411 1448 667 1533 Tigranocertam
684 1446 780 1524 iubet,
799 1448 867 1532 ipse
885 1458 967 1512 retro
985 1447 1136 1513 concedit.

200 1543 292 1608 Haec
317 1543 422 1628 plures
445 1552 480 1606 ut
502 1542 668 1608 formidine
693 1542 777 1628 regis
800 1551 832 1606 et
855 1539 1043 1606 Corbulonis
1070 1543 1199 1609 minist

136 1647 257 1723 patrata
279 1659 317 1702 ac
343 1637 511 1723 magnifica
537 1635 741 1714 extollebant,
772 1636 825 1700 alii
856 1635 976 1700 occulte
1002 1635 1161 1721 pepigisse

136 1731 427 1817 interpretabantur,
446 1740 481 1795 ut
498 1730 616 1795 omisso
633 1729 789 1813 utrimque
805 1728 890 1794 bello
908 1739 940 1793 et
953 1729 1087 1793 abeunte
1096 1728 1163 1794 Vo-

136 1825 243 1912 logese
266 1825 421 1911 Tigranes
448 1846 573 1908 quoque
595 1824 748 1889 Armenia
774 1824 969 1889 abscederet:
997 1847 1053 1888 eur
1078 1824 1160 1888 enirn

137 1920 308 1984 exercitum
325 1920 503 1984 Romanum
526 1943 545 1982 a
562 1919 794 2003 Tigranocertis
817 1918 1005 1982 deductum?
1031 1941 1087 1983 cur
1108 1918 1163 1983 de-

137 2021 220 2076 serta
236 2034 293 2097 per
310 2011 409 2075 otium
426 2031 506 2093 quae
524 2010 606 2076 bello
625 2011 848 2075 defenderant?
870 2034 910 2075 an
928 2011 1040 2075 melius
1058 2011 1163 2075 hiber-

136 2104 260 2170 navisse
282 2104 316 2168 in
338 2116 477 2169 extrema
491 2103 716 2190 Cappadocia,
744 2105 858 2188 raptim
884 2105 995 2168 erectis
1018 2104 1161 2190 tuguniis,

135 2221 231 2282 quarn
248 2199 282 2262 in
300 2199 374 2263 sede
391 2198 481 2284 regni
498 2198 591 2262 modo
608 2198 737 2261 retenti?
755 2197 851 2262 dilata
868 2220 996 2282 prorsus
1014 2215 1110 2275 arma,
1128 2208 1164 2261 ut

136 2292 312 2380 Vologeses
327 2314 398 2357 cum
408 2293 473 2357 ‘alio
486 2313 583 2375 quam
595 2313 667 2356 cum
674 2289 853 2357 Corbulone
862 2300 1008 2370 certaret,
1024 2290 1162 2357 Corbulo

137 2388 264 2452 meritae
288 2397 333 2452 tot
344 2409 402 2473 per
419 2386 649 2473 a'nnosgloriae
665 2406 728 2450 non
746 2387 829 2450 ultra
844 2387 1018 2472 periculum
1036 2387 1169 2452 faceret

136 2504 224 2560 nam,
247 2490 282 2544 ut
298 2480 404 2558 retuli,
426 2480 588 2566 proprium
605 2481 719 2544 ducem
736 2481 872 2563 tuendae
881 2479 1052 2544 Armeniae
1065 2481 1164 2568 popo,-

138 2585 247 2651 scerat,
266 2584 298 2639 et
311 2575 479 2639 adventare
490 2574 685 2640 Caesennius
695 2574 813 2639 Paetus
827 2574 1020 2639 audiebatur.
1038 2575 1163 2657 iamque

138 2668 253 2746 aderat,
277 2669 375 2754 copiis
393 2668 438 2732 ita
459 2669 568 2733 divisis
586 2677 622 2732 ut
642 2677 754 2751 quarta
770 2677 802 2733 et
819 2668 1006 2733 duodecima
1022 2668 1163 2754 legiones

138 2763 243 2827 addita
256 2763 374 2846 quinta,
393 2784 473 2846 quae
487 2783 595 2828 recens
609 2762 757 2829 eMoesis
773 2763 874 2828 excita
888 2772 962 2840 erat,
978 2763 1071 2828 simul
1079 2762 1165 2828 Pon·
1202 2840 1207 2849 ⁵

138 2858 238 2921 ticact
248 2855 431 2923 Galatarum
442 2855 730 2945 Cappadocumque
738 2858 855 2923 auxilia
862 2857 962 2923 Paeto
972 2857 1163 2935 oboedirent,

137 2950 227 3014 tertia
245 2959 276 3015 et
293 2961 382 3016 sexta
403 2960 435 3016 et
455 2952 589 3017 decuma
602 2943 751 3038 ¹legiones
773 2952 920 3038 priorque
940 2949 1163 3036 Syriae'miles

137 3044 221 3129 apud
232 3043 444 3108 Corbulonem
461 3055 632 3123 manerent,
651 3056 754 3111 cetera
767 3068 806 3110 ex
819 3068 924 3109 rerum
936 3068 998 3121 usu
1011 3045 1165 3109 sociarent

138 3138 372 3223 partirenturve.
392 3139 448 3202 sed
456 3161 558 3222 neque
569 3137 709 3204 Corbulo
723 3140 837 3203 aemuli
845 3139 977 3222 patiens,
997 3147 1028 3202 et
1035 3137 1163 3214 Paetus,

139 3230 190 3294 cui
210 3229 286 3293 satis
305 3230 345 3292 ad
362 3230 494 3314 gloriam
511 3240 578 3295 erat
595 3231 623 3294 si
639 3231 800 3315 proximus
818 3230 994 3308 haberetur,
1014 3230 1165 3314 despicie-

139 3323 192 3388 bat
205 3331 304 3408 gesta,
322 3322 400 3385 nihil
413 3324 516 3387 caedis
527 3333 581 3387 aut
594 3324 738 3409 praedae,
754 3333 919 3408 usurpatas
934 3323 1060 3388 nomine
1074 3333 1164 3387 tenus

138 3415 264 3481 urbium
290 3417 537 3502 expugnationes
567 3417 727 3482 dictitans:
760 3439 794 3483 se
824 3417 941 3482 tributa
962 3439 999 3482 ac
1024 3417 1112 3503 leges
1135 3426 1166 3480 et

138 3533 196 3598 pro
218 3511 330 3575 umbra
346 3510 429 3597 regis
447 3511 625 3576 Romanum
643 3512 692 3576 ius
711 3511 801 3577 victis
819 3511 1049 3596 impositurum.

205 3603 273 3671 Sub
291 3605 375 3670 idem
392 3616 515 3690 tempus
526 3604 629 3690 legati
638 3604 817 3692 Vologesis,
834 3627 916 3688 quos
934 3606 976 3670 ad
992 3605 1165 3690 principem
1184 3619 1198 3664 7

140 3699 253 3764 missos
281 3701 464 3777 memoravi,
491 3709 645 3764 revertere
672 3700 770 3777 inriti,
797 3698 982 3784 bellumque·
1003 3699 1165 3785 propalam

141 3804 300 3879 sumptum
322 3818 342 3858 a
357 3794 494 3859 Parthis.
521 3816 580 3858 nec
597 3794 715 3859 Paetus
740 3795 935 3872 detrectavit,
964 3795 1021 3859 sed
1041 3793 1163 3858 duabus

139 3886 331 3972 legionibus,
354 3909 486 3971 quarum
507 3897 649 3972 quartam
667 3888 882 3953 Funisulanus
901 3887 1109 3953 Vettonianus
1128 3909 1165 3952 eo

140 3979 174 4043 in
190 3988 339 4065 tempore,
358 3981 585 4046 duodecumam
600 3981 750 4047 Calavius
766 3979 906 4047 Sabinus
923 3981 1084 4069 regebant,
1102 3979 1166 4047 Ar-

142 4074 276 4139 meniam
294 4073 400 4154 intrat,
419 4077 498 4142 tristi
516 4076 619 4141 omine
625 4101 634 4155 ;
657 4100 731 4141 nam
748 4077 782 4142 in
799 4085 1001 4163 transgressu
1018 4077 1164 4163 Euphra-
