2760 4874
401 347 609 407 ANNALIUM
626 348 699 402 LIB.
713 349 763 404 IV.
781 349 902 406 40-43.
1100 337 1162 404 135

135 453 158 495 p.
168 443 209 484 Ch.
220 444 252 482 25.

136 520 294 586 metuens,
314 508 408 572 tacita
426 506 653 591 suspicionum,
673 506 760 592 vulgi
777 529 947 584 rumorem,
965 508 1162 593 ingruentem

136 604 285 670 invidiam
303 603 501 686 deprecatum
520 623 556 665 ac
574 622 616 685 ne
631 601 779 666 adsiduos
792 601 825 664 in
843 601 971 666 domum
989 612 1096 668 coetus
1114 627 1162 668 ar-

137 699 235 765 cendo
253 696 436 782 infringeret
447 695 618 780 potentiam
635 704 689 758 aut
705 696 896 779 receptando.
906 695 1088 762 facultatem
1104 698 1163 762 cri-

135 790 326 856 minantibus
353 789 529 874 praeberet,
555 789 618 853 huc
644 789 730 853 flexit
755 799 790 853 ut
812 789 973 867 Tiberium
999 791 1161 856 advitam

134 885 245 972 procul
266 884 369 949 Roma
391 884 529 948 amoenis
555 883 632 948 locis
655 884 831 970 degendam
852 884 1033 970 impelleret.
1065 887 1163 951 multa

136 980 252 1067 quippe
282 977 479 1063 providebat:
498 994 570 1042 'sua
595 979 628 1041 in
654 1001 750 1067 manu
779 978 897 1056 aditus,
928 979 1162 1064 litterarumque

136 1097 252 1160 magna
265 1094 304 1136 ex
317 1078 405 1156 parte
419 1094 453 1136 se
466 1071 616 1136 arbitrum
629 1071 706 1148 fore,
726 1093 798 1136 cum
810 1095 867 1157 per
879 1073 993 1139 milites
1007 1096 1163 1139 commea-

96 1251 98 1254 ·
136 1177 219 1245 rent3
237 1165 495 1232 moxCaesarem
513 1175 662 1252 vergente
679 1166 742 1230 iani
761 1176 886 1231 senecta
904 1176 1084 1251 secretoque
1101 1160 1162 1232 loci

137 1262 289 1326 mollitum
302 1261 409 1324 munia
421 1261 543 1345 imperii
557 1260 680 1340 facilius
694 1261 925 1340 tramissurum3
944 1271 975 1326 et
992 1262 1090 1326 minui
1103 1262 1163 1326 sibi

137 1357 287 1420 invidiam
313 1355 459 1439 adempta
485 1355 686 1419 salutantium
712 1354 817 1432 turba,
844 1355 1047 1439 sublatisque,
1063 1356 1164 1420 inani-

138 1451 199 1516 bus
220 1473 295 1515 vera
315 1451 455 1535 potentia
479 1453 598 1535 augeri·
629 1450 726 1536 igitur
746 1451 897 1535 paulatim
919 1453 1044 1538 negotia
1065 1451 1161 1529 urbis,

137 1545 246 1631 populi
268 1544 434 1622 adeamus,
458 1544 688 1610 multitudinem
710 1544 913 1610 adfluentium
934 1547 1088 1632 increpat,
1110 1568 1164 1610 ex-

137 1639 249 1729 tollens
263 1638 409 1704 laudibus
423 1639 559 1722 quietem
576 1647 609 1702 et
626 1638 835 1717 solitudinem,
854 1640 923 1723 quis
937 1640 1048 1706 abesse
1060 1638 1165 1705 taedia

138 1742 170 1798 et
188 1733 381 1799 offensiones
396 1756 437 1812 ac
451 1732 619 1817 praecipua
635 1755 740 1798 rerum
756 1734 895 1798 maxime
910 1734 1030 1820 agitari.-

201 1825 254 1917 Ac
271 1828 351 1892 forte
368 1826 475 1892 habita
487 1849 544 1911 per
560 1827 630 1891 illos
649 1827 716 1892 dies
730 1827 769 1892 de
783 1826 1095 1906 Votieno'Monam,
1114 1850 1165 1892 ce·
1182 1848 1214 1894 42

137 1921 231 1987 lebris
244 1922 364 2008 ingenii
376 1922 453 1999 viro,
473 1922 610 2007 cognitio
624 1931 821 1986 cunctantem
838 1923 902 1987 iam
914 1922 1077 1999 Tiberium
1094 1945 1165 2008 per-

137 2017 217 2100 pulit
238 2025 273 2080 ut
294 2016 438 2081 vitandos
461 2016 600 2080 crederet
625 2024 750 2101 patrum
775 2011 883 2080 coetus
904 2033 1061 2101 'vocesque
1083 2039 1164 2100 quae

137 2111 320 2196 plerumque
338 2132 431 2175 verae
449 2119 480 2174 et
501 2132 614 2196 graves
632 2122 737 2175 coram
758 2109 994 2196 ingerebantur3
1016 2134 1090 2174 nam
1107 2132 1165 2195 po-

32 2267 35 2273 .
139 2206 252 2289 stulato
270 2205 405 2276 Votieno
424 2204 463 2270 ob
482 2205 686 2271 contumelias
704 2206 736 2269 in
755 2204 924 2270 Caesarem
943 2207 1056 2283 dictas,
1074 2205 1163 2270 testis

137 2298 340 2378 Aemilius,.e
358 2299 544 2365 militaribus
563 2300 650 2376 viris,
669 2299 745 2363 dum
763 2299 867 2368 studio,
883 2298 1036 2384 probandi
1050 2308 1165 2363 cuncta

137 2395 233 2459 refert
250 2403 294 2471 et,
313 2416 503 2477 quamquam
520 2394 601 2458 inter
618 2388 847 2479 obstrepentes,
866 2417 982 2480 magna
999 2394 1164 2459 adsevera-

139 2490 221 2554 tione
242 2489 364 2566 nititur,
391 2487 511 2555 audivit
529 2487 674 2553 Tiberius
697 2487 812 2572 probra
832 2488 903 2571 quis
925 2510 983 2573 per
1007 2487 1163 2552 occultum

138 2582 344 2660 lacerabatur,
363 2583 505 2664 adeoque
522 2582 684 2667 perculsus
703 2591 802 2646 estut
820 2604 855 2648 se
872 2582 924 2668 vel
941 2581 1049 2646 statim
1063 2581 1114 2646 vel
1130 2581 1164 2645 in

139 2677 316 2763 cognitione
340 2685 547 2762 purgaturum
577 2675 982 2762 clamitaretprccibusque
1006 2675 1163 2761 proximo-

138 2793 221 2847 rum,
247 2769 425 2834 'adulatione
452 2770 591 2834 omnium
617 2785 711 2856 aegre
733 2782 933 2859 componeret
954 2771 1112 2835 animum„
1133 2782 1165 2833 et

139 2863 293 2928 Votienus
315 2863 443 2946 quidem
465 2863 637 2928 maiestatis
659 2865 768 2949 poenis
791 2866 934 2931 adfectus
957 2874 1018 2930 est:
1046 2863 1165 2928 Caesar

138 2958 296 3025 obiectam,
315 2956 375 3021 sibi
397 2957 549 3022 adversus
571 2980 642 3029 reos
664 2958 894 3024 inclementiam
912 2981 949 3023 eo
970 2957 1164 3044 pervicacius

138 3051 315 3136 amplexus,
334 3049 496 3134 Aquiliam
514 3051 657 3115 adulterii
675 3052 810 3117 delatam
828 3075 900 3118 cum
917 3051 1015 3122 Vario
1028 3050 1164 3137 Ligure,

139 3168 329 3228 quamquam
346 3145 504 3212 Lentulus
524 3143 722 3225 Gaetulicus,
745 3147 856 3212 consul
873 3147 1070 3232 designatus,
1093 3145 1165 3229 lege

135 3241 219 3305 'Iulia
232 3242 422 3318 damnasset,
437 3242 529 3306 exilio
542 3243 665 3326 punivit
676 3240 892 3327 Apidiumque
899 3241 1065 3316 Merulam,
1080 3240 1165 3322 quod

138 3335 258 3426 inacta
275 3330 342 3398 divi
356 3333 496 3420 Augusti
514 3358 576 3400 non
594 3337 763 3412 iuraverat,
782 3335 853 3400 albo
872 3334 1025 3400 senatorio
1043 3333 1146 3397 erasit.

185 3438 187 3442 ‘
201 3426 340 3492 Auditae
358 3429 470 3493 dehinc
484 3429 806 3494 Lacedaemoniorum
824 3440 855 3494 et
872 3426 1103 3499 Messeniorum
1120 3425 1165 3490 le·
1182 3448 1214 3494 43

138 3523 280 3608 gationes
303 3525 342 3589 de
364 3525 430 3588 iure
453 3525 561 3610 templi
577 3524 701 3589 Dianae
718 3524 924 3602 Limnatidis,
950 3523 1036 3606 quod
1057 3522 1123 3587 suis
1146 3546 1165 3586 a

139 3617 307 3685 maioribus
332 3641 451 3702 suaque
472 3619 505 3682 in
531 3630 613 3684 terra
633 3619 771 3684 dicatum
792 3617 1037 3684 Lacedaemonii
1061 3616 1165 3680 firma

139 3711 214 3776 bant
231 3713 391 3777 annalium
408 3714 558 3780 memoria
575 3728 745 3798 vatumque
762 3713 966 3779 carminibus:
986 3712 1045 3777 sed
1054 3711 1164 3775 Mace·
1217 3792 1220 3798 Ι

104 3863 110 3871 .
139 3807 228 3872 donis
246 3807 399 3895 Philippi,
423 3832 495 3875 curn
512 3832 573 3893 quo
592 3810 774 3889 bellassent,
802 3809 895 3874 armis
914 3809 1108 3891 ademptum,
1128 3828 1165 3869 ac

138 3911 211 3986 post
225 3901 268 3968 Ο.-
279 3901 425 3969 Caesaris
445 3916 474 3969 et
487 3905 535 3968 Μ.
550 3904 680 3969 Antonii
699 3904 853 3970 sententia
869 3903 1034 3967 redditum,
1058 3908 1165 3966 contra

138 3995 292 4062 Messenii
309 4008 446 4064 veterem
468 4000 548 4064 inter
565 3999 713 4064 Herculis
735 4009 877 4083 posteros
901 3996 1086 4062 divisionem
1102 3995 1165 4060 Pe-

138 4091 301 4179 loponnesi
317 4094 488 4180 protulere,
513 4117 630 4180 suoque
649 4092 965 4181 regiDentheliatem
984 4114 1108 4179 agrum,
1131 4090 1163 4152 in
