2760 4874
243 429 307 497 294
593 434 776 494 CORNELII
782 435 918 495 TACITI

1108 531 1273 571 ammm

192 623 224 671 ῃ
307 599 427 684 Magno
437 597 575 661 adsensu
588 593 745 660 celebrata
759 595 926 674 sententia3
944 605 1131 662 nontamen
1145 609 1274 664 senatus

243 693 419 759 consultum
427 689 535 776 perfici
547 690 657 774 potuit,
668 688 876 754 abnuentibus
886 689 1070 756 consulibus
1084 692 1218 757 eadere
1227 715 1275 757 re-

242 789 355 864 latum3
375 808 447 850 nrox
456 796 581 851 auctore
595 782 735 868 principe
749 805 891 860 sanxere,
909 784 1033 869 nequis
1048 785 1090 850 ad
1100 785 1274 855 concilium

244 883 399 946 sociorum
421 878 550 943 referret
576 877 715 964 agendas
743 901 761 941 a
785 878 827 942 ud
850 888 994 945 senatum
1014 880 1274 966 propraetoribus

242 998 339 1062 prore
353 971 534 1041 consulibus
549 981 663 1057 grates,
682 993 744 1035 neu
757 900 828 1055 duis
847 994 885 1036 ea
900 972 1058 1059 legatione
1072 973 1273 1061 fungeretur.

306 1068 413 1132 Isdem
431 1064 613 1131 consulibus
631 1066 832 1151 gymnasium
855 1065 920 1130 ictu
937 1064 1079 1132 fulminis
1097 1068 1276 1155 conflagra-

242 1163 296 1239 vit,
315 1159 500 1247 effigiesque
513 1159 546 1223 in
559 1182 597 1224 eo
609 1159 742 1224 Neronis
757 1160 798 1223 ad
814 1159 946 1224 informe
964 1182 1018 1224 aes
1031 1160 1216 1245 liquefacta.
1244 1172 1275 1225 et

241 1264 445 1320 motuterrae
464 1253 585 1318 celebre
604 1251 796 1338 Campaniae
819 1252 969 1337 oppidum
985 1252 1134 1339 Pompeii
1157 1278 1277 1342 magna

243 1372 282 1413 ex
303 1344 396 1434 parte
413 1347 541 1432 proruit.
577 1347 786 1430 defunctaque
809 1347 899 1432 virgo
920 1344 1060 1413 Vestalis
1082 1348 1215 1424 Laelia,
1243 1349 1275 1412 in

243 1443 332 1506 cuius
350 1442 455 1506 locum
474 1438 621 1506 Cornelia
639 1463 678 1504 ex
696 1440 815 1504 familia
834 1439 1007 1506 Cossorum
1024 1451 1118 1527 capta
1136 1452 1196 1506 est.

192 1557 225 1606 aa
307 1535 438 1601 blerano
452 1535 580 1600 Rnonno
594 1533 783 1600 ctVraonao
792 1533 879 1601 Reno
894 1532 1076 1601 consulibus
1089 1544 1200 1600 natam
1214 1536 1275 1601 sibi

244 1653 282 1694 ex
293 1629 442 1714 Poppaea
459 1629 555 1692 filiam
564 1627 594 1692 N
595 1651 647 1692 ero
665 1628 747 1693 ultra
763 1627 893 1693 mortale
911 1627 1064 1714 gaudium
1081 1629 1206 1714 accepit
1220 1652 1276 1714 ap-

211 1717 230 1740 ’
243 1722 432 1808 pellavitque
438 1721 619 1807 Augustam
629 1722 702 1786 dato
712 1731 743 1785 et
751 1721 918 1807 Poppaeae
927 1722 1038 1786 eodem
1047 1733 1275 1808 cognoment03

242 1817 330 1891 locus
349 1816 513 1901 puerperio
536 1815 658 1879 colonia
676 1813 810 1879 Antium
833 1814 906 1892 fuit,
933 1813 988 1879 ubi
1010 1813 1080 1899 ipse
1102 1827 1275 1902 generatus

244 1920 318 1976 erat.
351 1912 413 1975 iam
438 1919 564 1974 senatus
587 1919 709 1974 uterum
731 1909 899 1994 Poppaeae
925 1909 1203 1975 commendaverat
1224 1911 1274 1974 dis

243 2015 378 2088 votaque
392 2004 516 2089 publice
532 2014 721 2089 susceperat,
740 2026 821 2088 quae
835 2002 1040 2089 multiplicata
1053 2003 1274 2091 exsolutoque,

244 2111 275 2166 et
297 2101 421 2164 additae
445 2100 688 2185 supplicationes
707 2099 920 2185 templumque
937 2099 1137 2164 Fecunditati
1156 2110 1190 2166 et
1208 2104 1276 2166 ce'r·

245 2208 348 2260 tamen
371 2196 412 2259 ad
433 2194 593 2280 exemplar
609 2193 945 2280 Actiacae‘religionis
971 2193 1146 2272 decretum,
1175 2205 1274 2278 utque

243 2290 453 2354 Fortunarum
472 2289 594 2375 effigies
612 2311 724 2354 aureae
742 2289 774 2352 in
798 2289 876 2353 solio
895 2286 1065 2374 Capitolini
1082 2288 1171 2354 Iovis
1189 2289 1275 2354 loca-

243 2392 362 2459 rentur,
390 2382 544 2446 ludicrum
567 2383 704 2447 circense
726 2391 761 2446 ut
782 2382 882 2447 Iuliae
904 2381 990 2468 genti
1012 2383 1098 2466 apud
1118 2382 1273 2461 Bovillas,

244 2478 287 2541 ita
311 2476 462 2542 Claudiae
488 2476 709 2560 Domitiaeque
736 2476 820 2561 apud
842 2475 974 2540 Antium
1001 2477 1159 2541 ederetur:
1193 2499 1274 2560 quae

243 2572 328 2635 fluxa
346 2572 443 2648 fuere,
462 2581 608 2655 quartum
626 2572 707 2636 intra
724 2594 865 2635 mensem
884 2570 1032 2634 defuncta
1047 2570 1181 2636 infante.
1205 2594 1273 2635 rur·

245 2688 361 2749 susque
380 2675 505 2728 exortae
524 2666 719 2730 adulationes
742 2665 936 2729 censentium
958 2664 1109 2729 honorem
1128 2666 1221 2730 divae
1243 2675 1273 2729 et

243 2758 387 2840 pulvinar
405 2759 576 2840 aedemque
595 2768 626 2822 et
650 2760 856 2837 sacerdotem3
875 2768 968 2841 atque
985 2758 1054 2843 ipse
1072 2769 1108 2822 ut
1125 2758 1272 2834 laetitiae,

244 2851 288 2912 ita
305 2850 452 2912 maeroris
466 2850 640 2914 inmodicus
660 2853 732 2936 egit.
760 2853 941 2917 adnotatum
964 2860 1025 2929 est,
1052 2852 1141 2916 omni
1162 2862 1272 2916 senatu

244 2941 377 3005 Antium
400 2941 458 3005 sub
481 2952 637 3006 recentem
654 2955 778 3028 partum
798 2946 912 3022 effuso,
937 2945 1112 3009 Thraseam
1134 2945 1273 3030 prohibi-

245 3047 311 3100 tum
328 3036 447 3099 inmoto
465 3035 569 3099 animo
586 3039 803 3121 praenuntiam
825 3039 1014 3103 imminentis
1037 3039 1144 3113 caedis
1163 3047 1272 3105 contu:

244 3131 369 3195 meliam
389 3129 550 3215 excepisse
556 3156 565 3208 ;
589 3141 728 3196 secutam
742 3133 854 3197 dehinc
867 3155 976 3197 vocem
991 3131 1140 3197 Caesaris
1158 3132 1270 3206 ferunt,

165 3280 170 3289 .
245 3249 308 3309 qua
329 3225 562 3289 reoonciliatum
581 3247 614 3288 se
634 3225 793 3294 Thraseae
816 3227 900 3312 apud
920 3224 1074 3292 Senecam
1096 3225 1271 3301 iactaverit,

245 3342 282 3386 ao
301 3319 455 3388 Senecam
474 3318 604 3384 Caesari
622 3320 824 3406 gratulatum:
838 3322 923 3385 undo
934 3321 1033 3406 gloria
1047 3320 1184 3408 'egregiis
1199 3320 1271 3384 siris

244 3425 276 3480 et
292 3414 431 3501 pericula
448 3413 631 3499 gliscebant.

195 3533 227 3579 er
308 3510 395 3573 Inter
417 3530 497 3590 quae
520 3508 601 3572 veris
623 3509 775 3594 principio
797 3509 893 3594 legati
914 3507 1103 3573 Parthorum
1125 3509 1274 3574 mandata

245 3604 328 3690 regis
338 3601 506 3687 Vologesis
524 3601 705 3683 litterasque
723 3603 755 3665 in
773 3604 904 3667 eandem
922 3602 1056 3673 sormam
1074 3603 1221 3668 attulere:
1240 3624 1273 3668 se

245 3699 351 3784 priora
376 3705 407 3760 et
432 3688 545 3760 totiens
572 3695 807 3781 iactatafsuper
828 3696 998 3762 obtinenda
1014 3696 1170 3762 Armenia
1190 3719 1274 3760 nune

246 3793 402 3868 omittere,
421 3790 569 3873 quoniam
585 3790 644 3867 dii,
664 3790 807 3873 quamvis
825 3791 1000 3876 potentium
1016 3776 1208 3877 populorum
1225 3813 1274 3855 ar-

246 3886 331 3963 bitri,
357 3885 591 3971 possessionem
607 3883 734 3951 Parthis
759 3908 823 3950 non
846 3885 912 3950 sine
935 3885 1108 3971 ignominia
1129 3885 1274 3951 Romana

247 3980 459 4045 tradidissent:
486 4003 586 4065 nuper
607 3979 749 4047 clausum
771 3980 944 4066 Tigranem
971 3989 1044 4064 post
1065 3979 1205 4046 Paetum
1231 3981 1274 4047 le-

246 4073 418 4157 gionesque
433 4096 505 4137 cum
519 4074 692 4159 opprimere
705 4083 812 4159 posset
817 4096 830 4151 ,’
845 4074 1015 4159 incolumes
1031 4074 1206 4154 dimisisse3
1226 4099 1274 4140 sa-

247 4166 287 4229 tis
301 4165 504 4250 adprobatam
517 4168 595 4253 vim3
619 4167 727 4231 datum
740 4177 770 4232 et
782 4166 918 4232 lenitatis
933 4167 1194 4252 experimentum.
1217 4191 1275 4235 nec

246 4267 460 4324 recusaturum
478 4259 639 4325 Tiridaten
656 4261 837 4347 accipiendo
855 4261 1022 4326 diademati
1040 4261 1074 4326 in
1091 4262 1205 4330 urbem
1222 4285 1276 4329 ve·
