2760 4874
91 484 114 539 ι
216 412 259 476 40
567 418 751 476 CORNELII
764 416 894 473 TACITI

1131 516 1151 545 r.
1161 516 1183 545 ιι.
1193 507 1240 546 roe.

216 591 277 659 est,
297 581 372 645 satis
390 585 549 664 comperto
565 585 711 663 paternas
729 576 759 640 ei
776 575 938 660 angustias
956 595 1035 640 esse.
1058 575 1240 658 temptantis

216 676 325 740 eadem
348 673 433 738 alios>
447 671 580 757 probare
602 693 729 736 causam
752 670 874 735 senatui
895 669 1000 746 iussit,
1023 669 1169 753 cupidine
1192 690 1242 732 se-

216 768 354 834 veritatis
367 767 401 831 in
413 765 560 833 iisetiam
574 786 655 848 quae
667 764 726 829 rite
738 763 865 840 faceret,
884 762 1030 840 acerbus3
1048 762 1133 826 unde
1147 761 1242 829 ceteri

217 862 373 935 silentium
400 870 431 924 et
456 867 671 945 paupertatem
701 857 892 923 confessioni
918 866 950 922 et
974 856 1126 922 beneficio
1151 877 1243 942 prae-

238 977 359 1021 osuere.

167 979 237 1118 rep
279 1048 405 1114 Eodem
422 1069 503 1112 anno
521 1046 675 1113 continuis
691 1045 850 1112 imbribus
872 1060 983 1110 auctus
1002 1042 1126 1109 Tiberis
1147 1042 1244 1128 plana

215 1145 303 1211 urbis
327 1153 540 1230 stagnaverat3
563 1143 754 1209 relabentem
777 1151 885 1208 secuta
906 1151 954 1207 est
976 1140 1188 1206 aedificiorum
1211 1149 1241 1201 et

216 1239 378 1304 hominum
400 1247 521 1324 strages
528 1262 537 1315 ;
563 1237 659 1322 igitur
681 1237 803 1303 censuit
816 1235 955 1316 ¹Asinius
979 1232 1091 1299 Gallus
1113 1241 1149 1296 ut
1170 1229 1240 1296 libri

218 1332 365 1417 Sibyllini
390 1332 561 1396 adirentur:
587 1331 689 1396 renuit
711 1330 870 1408 Tiberius,
897 1329 1026 1415 perinde
1052 1327 1159 1392 divina
1184 1324 1241 1390 hu·

216 1446 370 1508 mariaque
383 1424 549 1510 obtegens3
564 1425 620 1488 sed
633 1424 805 1489 remedium
818 1423 988 1489 coercendi*
995 1419 1131 1485 fluminis
1146 1416 1240 1482 Ateio

218 1516 365 1602 Capitoni
388 1527 419 1582 et
439 1519 481 1582 L.
499 1515 652 1582 Arruntio
674 1517 865 1582 mandatum.
895 1514 1052 1581 Achaiam
1074 1535 1112 1578 ac
1132 1511 1241 1576 Mace-

216 1613 342 1677 doniam
360 1633 455 1676 onera
471 1611 666 1696 deprecantis
688 1611 786 1676 levari
802 1611 836 1675 in
856 1632 1005 1695 praesens
1027 1606 1241 1694 proconsulari

216 1705 347 1791 imperio
368 1706 510 1788 tradique
533 1703 664 1771 Caesari
684 1705 811 1791 placuit.
841 1703 984 1770 Edendis
1005 1701 1240 1789 gladiatoribus,

216 1821 296 1882 quos
315 1796 496 1864 Germanici
512 1798 617 1864 fratris
635 1821 673 1864 ac
695 1821 753 1864 suo
775 1799 901 1878 nomine
922 1797 1090 1874 obtulerat,
1112 1795 1240 1860 Drusus

215 1892 385 1978 praesedit,
408 1914 598 1977 quamquam
615 1893 670 1956 vili
692 1893 845 1979 sanguine
861 1892 955 1958 nimis
977 1890 1133 1978 gaudens3
1156 1889 1242 1973 quod

216 1987 250 2050 irr
266 1986 381 2072 vulgus
398 1986 648 2064 formidolosum,
672 1997 703 2051 et
720 1997 808 2072 pater
825 1986 967 2073 arguisse
989 1983 1159 2051 dicebatur.
1187 2004 1242 2047 cur

217 2079 401 2145 abstinuerit
427 2081 605 2166 spectaculo
630 2082 712 2167 ipse,
731 2081 825 2146 -varie
851 2080 1043 2159 trahebant3·
1060 2079 1112 2144 alii
1137 2077 1242 2142 taedio

216 2183 333 2251 coetus,
352 2175 480 2258 quidam
492 2176 616 2242 tristitia
628 2175 746 2262 ingenii
763 2186 794 2240 et
811 2185 897 2241 metu
910 2174 1149 2261 conparationis‚
1168 2173 1243 2256 quia

216 2265 536 2353 Augustnscomiter
555 2270 762 2349 interfuisset3
784 2293 848 2334 non
870 2270 1054 2334 crediderim
1075 2269 1116 2333 ad
1137 2276 1242 2333 osten-

216 2363 344 2428 tandam
371 2365 534 2429 saevitiam
559 2365 792 2448 movendasque
817 2364 926 2450 populi
951 2363 1140 2429 offensiones
1168 2384 1242 2427 con·

217 2476 339 2521 cessam
356 2457 420 2524 filio
437 2459 607 2536 materiem,
626 2482 816 2543 quamquam
833 2459 867 2523 id
883 2480 1008 2542 quoque
1026 2458 1144 2522 dictum
1162 2465 1221 2520 est.

168 2565 198 2611 77
280 2549 327 2615 At
344 2552 456 2617 theatri
473 2553 611 2630 licentia,
633 2553 776 2638 proximo
797 2553 900 2637 priore
922 2574 1004 2617 anno
1022 2560 1148 2637 coepte,
1171 2574 1243 2636 gra-

216 2642 286 2708 vius
309 2653 376 2708 tum
399 2647 513 2731 erupit,
537 2646 648 2711 occisis
670 2670 734 2711 non
755 2647 849 2710 modo
868 2668 885 2710 e
902 2645 994 2732 plebe
1017 2645 1074 2710 sed
1084 2645 1241 2710 militibus

217 2744 248 2797 et
266 2739 459 2815 centurione,
483 2739 643 2805 vulnerato
662 2739 785 2805 tribuno
802 2740 975 2825 praetoriae
993 2739 1143 2816 cohortis,
1167 2741 1243 2805 dum

216 2826 331 2911 probra
356 2830 390 2894 in
414 2831 615 2916 magistratus
642 2844 674 2897 et
699 2833 927 2898 dissensionem
952 2833 1040 2920 vulgi
1065 2833 1241 2919 prohibent

217 2931 322 2985 actum
339 2923 378 2988 de
397 2946 434 2988 ea
452 2925 603 2990 seditione
625 2927 710 3010 apud
726 2937 831 3011 patres
854 2927 1098 3011 dicebanturque
1117 2936 1242 2992 senten·
1306 2968 1309 2978 ι

217 3015 287 3093 tiae,
305 3026 341 3081 ut
351 3018 545 3101 praetoribus
564 3019 613 3084 ius
626 3021 785 3107 virgarum
802 3021 835 3085 in
852 3021 1018 3087 histriones
1032 3030 1130 3087 esset:
1149 3022 1243 3086 inter-

216 3110 311 3174 cessit
332 3110 482 3176 Haterius
509 3111 667 3199 Agrippa,
694 3114 837 3181 tribunus
862 3115 980 3200 plebei,
1008 3114 1242 3200 increpitusque

216 3214 264 3268 est
280 3204 386 3270 Asinii
405 3204 490 3271 Galli
507 3208 659 3287 oratione,
683 3209 794 3274 silente
812 3208 966 3291 Tiberio„
977 3210 1032 3292 qui
1055 3232 1093 3274 ca
1115 3210 1243 3274 simula-

216 3319 269 3363 cra
285 3299 436 3365 libertatis
459 3302 580 3367 senatui
592 3300 781 3387 praebebat3
803 3303 902 3368 valuit
924 3312 1029 3367 tamen
1049 3303 1241 3380 intercessio,

215 3393 290 3476 quia
306 3393 397 3458 divrrs
415 3392 582 3480 Augustus
600 3396 755 3487 immunes
773 3396 940 3462 verberum
957 3396 1125 3462 histriones
1143 3419 1243 3480 quon-

216 3488 289 3552 dam
305 3489 520 3573 responderat,
544 3512 645 3573 neque
663 3490 713 3555 fas
732 3490 858 3555 Tiberio
875 3491 1045 3578 infringere
1063 3492 1148 3556 dicta
1163 3492 1240 3557 eius.

216 3581 255 3645 de
270 3581 366 3647 modo
383 3582 497 3647 lucaris
516 3593 546 3648 et
563 3584 714 3650 adversus
726 3580 887 3651 lasciviam
901 3586 1060 3650 fautorum
1072 3585 1172 3651 multa
1188 3586 1243 3650 de·
1305 3605 1307 3613 ·

215 3685 396 3754 cernuntur3
420 3697 460 3740 ex
477 3676 548 3760 quis
570 3678 707 3742 maxime
724 3678 873 3764 insignia,
897 3700 937 3742 ne
954 3679 1065 3743 domos
1087 3678 1243 3764 pantomi-

215 3791 336 3833 morum
350 3774 474 3834 senator
486 3771 639 3850 introiret3
653 3794 693 3836 ne
702 3773 896 3858 egredientes
909 3773 943 3836 in
950 3772 1112 3857 publicum
1121 3773 1241 3856 equites

215 3863 350 3928 Romani
368 3864 545 3950 cingerent,
557 3876 612 3937 aut
629 3866 703 3931 ahbi
716 3889 811 3950 quam
823 3867 857 3931 in
874 3867 994 3932 theatro
1013 3876 1227 3951 spectarentur
1232 3891 1241 3944 ;

216 3966 247 4021 et
265 3959 471 4114 spectpintium
483 3960 712 4027 immodestiam
726 3961 819 4027 exilio
831 3961 983 4025 multandi
995 3969 1134 4046 potestas
1151 3972 1242 4047 prae·

217 4050 275 4113 tori
297 4073 334 4114 us
375 4061 448 4116 eret.

168 4161 198 4208 78
280 4143 447 4230 Templum
469 4158 502 4211 ut
524 4149 557 4213 in
583 4128 704 4214 colonia
726 4149 953 4216 Tarraconensi
979 4159 1150 4232 strueretur
1171 4149 1240 4215 An·
