2760 4874
382 400 589 460 ANNALIUM
607 402 716 458 L1B01.
735 405 854 459 56-59.
1090 397 1129 459 31

107 508 127 546 p.
138 494 178 535 cu.
189 497 223 534 rs.

105 570 342 648 pugnatumque
364 561 397 623 in
419 558 604 636 obsidentis,
632 573 664 623 et
690 570 814 645 ereptus
839 559 988 648 Segestes
1014 587 1130 651 magna

106 678 178 721 cum
203 655 449 739 propinquorum
472 662 504 717 et
530 652 688 717 clientium
714 677 822 733 manu3
847 655 969 735 inerant
994 657 1130 722 feminae

105 749 241 825 nobiles,
260 748 340 811 inter
358 769 436 830 quas
455 770 535 811 uxor
550 746 687 811 Arminii
705 749 876 832 eademque
893 750 958 814 filia
977 749 1128 837 Segestis,

105 843 207 909 mariti
225 842 328 927 magis
345 863 440 924 quam
461 842 599 925 parentis
622 842 740 919 animo,
763 865 864 926 neque
886 844 969 908 victa
985 845 1019 908 in
1040 845 1130 909 lacri-

105 960 173 1001 mas
190 958 294 1019 neque
312 957 389 1000 voce
403 935 546 1020 supplex,
565 936 752 1020 compressis
765 937 846 1002 intra
864 939 966 1002 sinum
984 938 1129 1003 manibus

95 1074 97 1078 ι
104 1030 271 1116 gravidum
293 1038 416 1092 uterum
438 1029 572 1093 intuens.
600 1029 779 1094 ferebantur
800 1040 832 1094 et
854 1032 953 1115 spolia
975 1032 1129 1096 Varianae

105 1124 217 1200 cladis,
239 1123 397 1208 plerisque
415 1145 523 1187 eorum
544 1123 599 1206 qui
616 1134 683 1187 tum
704 1124 737 1187 in
755 1124 942 1190 deditionem
964 1125 1130 1190 veniebant

104 1218 239 1302 praedae
258 1218 345 1294 data3
368 1217 461 1281 simul
481 1215 631 1302 Segestes
649 1217 727 1302 ipse,
746 1218 857 1304 ingens
875 1221 946 1283 visu
963 1230 994 1283 et
1011 1241 1129 1284 memo-
1147 1236 1179 1284 58

104 1312 150 1376 ria
173 1310 275 1375 bonae
303 1310 459 1374 societatis
485 1310 667 1394 inpavidus3
693 1311 790 1376 verba
811 1312 878 1376 eius
899 1313 933 1377 in
958 1312 1042 1376 hunc
1062 1334 1129 1377 mo·

105 1406 181 1469 dum
199 1405 302 1469 fuere:

174 1498 265 1577 „Non
282 1498 333 1562 hic
355 1499 432 1562 mihi
452 1499 572 1583 primus
595 1520 671 1584 erga
691 1500 843 1584 populum
859 1501 1038 1565 Romanum
1056 1500 1129 1565 fidei

104 1603 135 1658 et
153 1592 347 1658 constantiae
365 1592 446 1656 dies:
466 1615 505 1656 ex
522 1614 585 1675 quo
603 1616 622 1656 a
639 1593 712 1658 divo
724 1593 873 1680 Augusto
891 1595 1015 1659 civitate
1033 1594 1130 1659 dona

104 1698 153 1752 tus
173 1709 253 1763 sum,
273 1686 389 1751 amicos
406 1686 613 1769 inimicosque
630 1708 671 1750 ex
682 1688 794 1752 vestris
812 1688 997 1753 utilitatibus
1016 1688 1127 1773 delegi,

103 1802 205 1864 neque
223 1779 296 1845 odio
313 1780 607 1865 patriae—quippe
624 1781 798 1864 proditores
812 1782 906 1846 etiam
922 1781 961 1846 iis
980 1804 1059 1864 quos
1073 1805 1128 1846 an·
1171 1864 1174 1869 Ι

103 1885 255 1960 teponunt
271 1873 364 1942 invisi
383 1883 455 1937 sunt
473 1911 528 1952 —,
551 1896 661 1938 verum
683 1874 757 1957 quia
774 1875 925 1941 Romanis
945 1872 1126 1940 Germanis-

102 1989 164 2050 que
190 1968 276 2031 idem
302 1968 474 2031 conducere
497 1977 528 2031 et
548 1989 659 2052 pacem
685 1990 780 2051 quam
806 1967 923 2033 bellum
944 1967 1125 2052 probabam.

103 2082 178 2146 ergo
195 2070 353 2146 raptorem
368 2061 450 2125 filiae
468 2082 570 2138 meae,
590 2053 772 2126 violatores]
789 2061 924 2127 foederis
942 2062 1047 2139 vestri,
1065 2060 1128 2125 Ar-

101 2154 234 2219 minium
247 2155 332 2238 apud
344 2150 474 2232 Varum,
493 2155 547 2237 qui
565 2164 632 2219 tum
650 2156 798 2220 exercitui
815 2156 1021 2241 praesidebat,
1040 2177 1128 2219 reum

102 2247 164 2312 feci
169 2273 178 2325 3
202 2247 316 2312 dilatus
335 2250 468 2335 segnitia
485 2249 588 2327 ducis,
615 2250 689 2332 quia
705 2273 817 2334 parum
838 2251 985 2335 praesidii
1001 2250 1034 2312 in
1051 2248 1128 2334 legi-

102 2341 163 2406 bus
179 2351 254 2418 erat,
274 2351 309 2405 ut
326 2365 377 2406 me
390 2353 421 2407 et
434 2342 613 2407 Arminium
628 2354 659 2407 et
677 2344 818 2408 conscios
832 2344 963 2408 vinciret
974 2343 1127 2428 flagitavi3

102 2436 191 2500 testis
208 2435 264 2499 illa
280 2459 343 2500 nox
355 2437 441 2514 mihi,
460 2437 580 2501 utinam
597 2438 702 2522 potius
720 2435 904 2501 novissimal
923 2458 1003 2518 quae
1022 2446 1128 2500 secuta

102 2539 189 2607 sunt,
209 2528 316 2593 defieri
333 2531 435 2616 magis
454 2552 549 2614 quam
568 2531 695 2595 defendi
711 2539 859 2615 possunt3
878 2540 1015 2594 ceterum
1033 2538 1065 2593 et
1081 2530 1128 2592 in-

100 2625 161 2688 ieci
179 2632 305 2696 catenas
322 2623 476 2702 Arminio,
496 2635 527 2690 et
545 2649 564 2689 a
580 2624 716 2690 factione
730 2626 797 2689 eius
814 2625 944 2689 iniectas
956 2645 1126 2708 perpessus

102 2741 192 2784 sum·
212 2727 307 2801 atque
323 2718 377 2783 ubi
393 2720 535 2804 primum¹
552 2720 597 2784 tui
615 2720 718 2804 copia,
742 2728 849 2783 vetera
865 2719 955 2783 novis
973 2728 1004 2783 et
1021 2718 1127 2801 quieta

101 2811 235 2877 turbidis
253 2812 440 2890 antehabeo,
463 2829 565 2896 neque
583 2813 624 2878 ob
641 2814 829 2898 praemium,
855 2814 911 2877 sed
927 2822 963 2877 ut
983 2835 1034 2877 me
1055 2835 1126 2898 per-

101 2906 177 2971 fidia
199 2906 373 2984 exsolvam,
397 2908 490 2972 simul
511 2908 598 2994 genti
620 2906 850 2973 Germanorum
871 2908 1001 2972 idoneus
1024 2908 1127 2972 conci-

100 3001 207 3077 liator,
231 3000 258 3064 si
278 3001 499 3085 paenitentiam
518 3024 613 3085 quam
629 3002 798 3087 perniciem
815 3002 968 3066 maluerit.
999 3023 1056 3085 pro
1078 3003 1126 3064 iu-

101 3103 195 3158 venta
213 3103 245 3158 et
262 3117 364 3159 errore
381 3095 436 3159 filii
454 3096 578 3160 veniam
594 3119 719 3181 preeor3
741 3097 838 3160 filiam
859 3096 1046 3160 necessitate
1064 3095 1127 3159 huc

101 3188 271 3283 adductam
293 3189 405 3254 fateor:
433 3199 522 3253 tuum
540 3190 597 3254 erit
623 3190 798 3255 consultare
820 3197 924 3253 utrum
949 3189 1127 3273 praevaleat

101 3281 189 3364 quod
207 3302 247 3357 ex
264 3279 408 3346 Arminio
426 3283 570 3367 concepit
586 3306 627 3346 an
644 3283 730 3365 quod
747 3305 788 3346 ex
804 3305 854 3346 me
872 3283 978 3368 genita
996 3285 1074 3345 est.“

169 3372 288 3438 Caesar
310 3376 455 3440 clementi
479 3398 631 3461 responso
655 3376 761 3441 liberis
788 3376 1032 3462 propinquisque
1059 3375 1126 3439 eius

15 3488 19 3495 ·
101 3467 362 3547 incolumitatem,
384 3470 446 3555 ipsi
463 3471 570 3535 sedem
592 3479 697 3535 vetere
718 3471 751 3534 in
772 3470 933 3554 provincia
953 3468 1125 3553 pollicetur.

101 3561 274 3626 exercitum
296 3563 420 3629 reduxit
440 3585 617 3646 nomenque
638 3564 834 3648 imperatoris
856 3571 981 3627 auctore
999 3560 1126 3625 Tiberio

101 3655 232 3739 accepit.
255 3653 392 3721 Arminii
409 3658 602 3722 uxor‘virilis
622 3680 716 3722 sexus
735 3658 862 3742 stirpem
881 3653 1126 3733 edidit31educa-

101 3756 153 3812 tus
171 3747 343 3816 Ravennae
364 3774 444 3836 puer
463 3774 526 3835 quo
548 3774 623 3816 mox
644 3751 778 3816 ludibrio
801 3742 993 3816 conflictatus
1017 3749 1070 3826 sit,
1092 3749 1126 3811 in

101 3852 243 3926 tempore
259 3845 450 3911 memorabo.
552 3874 553 3878 ¹

166 3935 269 4001 Fama
290 3939 387 4004 dediti
405 3941 600 4027 benigneque
618 3939 741 4024 excepti
761 3936 903 4024 Segestis
925 3936 1066 4022 vulgata,
1089 3945 1125 4001 ut
1143 3957 1174 4005 su
1197 3986 1200 3993 η
1288 4021 1292 4030 ¹

102 4028 281 4115 quibusque
298 4031 416 4098 bellum
428 4035 533 4100 invitis
552 4042 606 4100 aut
624 4032 819 4118 cupientibus
834 4041 908 4108 erat,
928 4053 983 4115 spe
1001 4031 1051 4095 vel
1068 4032 1123 4096 do-

103 4120 169 4188 lore
190 4128 349 4212 accipitur,
376 4129 556 4195 Arminium
575 4150 669 4212 super
689 4127 813 4192 insitam
835 4125 1015 4194 violentiam
1031 4135 1124 4210 rapta
