2760 4874
237 398 301 461 ‹300
587 402 922 459 cirrrssrsrracrrr

1171 505 1192 534 ι.
1201 506 1224 534 a.
1233 498 1277 535 εΗ.

238 565 367 649 templa.
386 578 415 627 ct
435 576 545 646 coepto
563 560 707 646 exemplo
725 560 869 645 proxima
887 558 1091 647 Campaniae
1110 563 1279 648 municipia

238 661 372 725 victimis
390 672 418 723 ct
442 656 652 743 legationibus
674 656 823 720 laetitiam
847 656 966 720 testari.
995 656 1069 741 ipse
1093 658 1223 722 diversa
1240 659 1279 721 si-

238 755 405 819 uurlationc
424 762 562 816 maestus
581 761 611 815 ct
629 750 720 833 quasi
743 747 949 815 incolumitati
973 772 1054 815 suae
1078 751 1225 816 infensus
1244 774 1278 815 ac

239 853 332 913 morti
349 847 485 934 parentis
508 844 712 909 illacrimans:
735 845 809 928 quia
825 854 933 909 tamen
950 866 1032 921 non,
1054 856 1095 909 ut
1117 845 1278 910 hominum

239 944 353 1015 cultris,
372 941 416 1005 ita
433 940 572 1004 loconun
590 938 688 1002 facies
706 948 878 1016 aristantur,
896 938 1198 1023 obversabaturque
1216 963 1278 1003 ma-

239 1040 280 1101 ris
299 1037 382 1099 illius
404 1046 433 1099 et
456 1034 580 1097 litorum
603 1032 709 1117 gravis
732 1042 878 1118 aspectus
895 1070 938 1081 -
960 1044 995 1097 et
1017 1044 1114 1098 erant
1137 1033 1193 1117 qui
1216 1056 1278 1098 cre-

239 1133 349 1193 ‹lercnt
371 1129 507 1193 sonitum
531 1127 625 1191 tubae
649 1126 781 1191 collibus
803 1126 922 1191 circum
944 1126 1040 1191 editis
1067 1127 1277 1212 planctusque

239 1224 359 1307 taurula
377 1218 485 1309 πηῷ
502 1220 602 1285 audiri
616 1260 658 1269 -
675 1220 839 1305 Neapolim
856 1221 1015 1285 concessit
1031 1220 1223 1305 litterasque
1240 1222 1278 1285 ad

191 1342 217 1383 tr
241 1330 382 1381 senatum
401 1308 498 1389 misit,
522 1336 653 1397 quarum
673 1337 796 1377 summa
813 1324 894 1378 crat:
915 1324 1080 1398 repertum
1104 1338 1181 1379 cum
1198 1316 1277 1378 ferro

240 1432 455 1495 percussorem
474 1407 664 1493 ligantium,
683 1430 723 1471 cx
742 1407 858 1472 intimis
875 1406 1078 1493 Agrippinae
1097 1409 1231 1488 libertis,
1250 1421 1278 1473 et

240 1506 336 1567 luisse.
353 1526 422 1567 carn
441 1525 574 1586 pocrrnm
587 1502 779 1566 conscicntia
795 1523 858 1585 qua
875 1502 978 1567 scelus
996 1503 1192 1588 paravisset.
1216 1505 1277 1569 adi-

240 1598 340 1663 ciebat
364 1597 494 1659 crirnina
515 1596 641 1681 longius
663 1596 808 1681 repetita,
830 1595 916 1679 quod
937 1594 1140 1662 consortium
1158 1599 1276 1684 imperii

242 1694 456 1773 iuraturasque
479 1691 510 1754 in
534 1691 669 1755 sentinae
691 1690 788 1755 verba
812 1689 983 1775 praetorias
1007 1692 1161 1757 cohortes
1183 1694 1277 1758 idem-

240 1808 300 1868 que
323 1786 459 1848 ‹lctlccus
483 1796 610 1850 scuatus
632 1796 664 1849 ct.
685 1785 792 1871 populi
815 1786 1006 1871 speravisset
1029 1808 1083 1865 ac,
1109 1798 1276 1875 postquam

241 1882 356 1943 tirrstra
373 1890 478 1965 optata
496 1882 567 1958 siut,
585 1880 710 1944 infensa
727 1880 816 1944 militi
833 1879 1040 1965 lintribusque
1058 1892 1092 1946 et
1110 1883 1200 1967 plebi
1218 1885 1277 1949 ‹lis-

241 1976 390 2039 suasissct
414 1975 597 2039 ‹tonativuru
616 1987 647 2039 et
665 1975 858 2061 congiarium
880 1974 1085 2060 periculaque
1110 1978 1189 2043 viris
1211 1978 1277 2042 illu-

242 2070 357 2133 stribus
380 2072 554 2134 struxisset.
587 2079 704 2153 quanto
728 2092 785 2134 suo
806 2069 913 2134 labore
934 2080 1156 2154 perpetratum
1178 2095 1219 2137 ne
1240 2074 1276 2136 ir-

242 2176 396 2249 rumperet
411 2165 538 2239 curinm,
553 2187 593 2227 no
606 2164 753 2249 gentibus
767 2163 903 2227 externis
916 2165 1188 2248 responsadaretl
1203 2176 1276 2230 tem·

243 2280 351 2340 porum
374 2280 500 2340 <proque
519 2258 765 2322 Claudianorum
788 2257 913 2342 obliqua
934 2257 1147 2323 insectatione
1166 2266 1276 2324 cuncta

242 2351 308 2413 cius
322 2351 541 2415 dourrinationis
555 2350 674 2437 flagitia
691 2352 724 2415 in
737 2359 867 2415 matrem
882 2350 1049 2425 transtulit,
1069 2352 1204 2436 publiea
1216 2354 1276 2418 for-

242 2456 317 2508 tuna
335 2446 504 2509 extinctam
521 2445 674 2510 referens:
695 2467 830 2528 namque
848 2455 879 2509 et
895 2444 1100 2530 naufragium
1120 2447 1275 2523 narrabat,

243 2539 327 2620 <procl
347 2540 507 2603 fortuitum
525 2540 623 2604 fuisse
642 2540 712 2622 quis
731 2541 810 2604 adeo
828 2538 924 2603 hebes
942 2538 1141 2604 inveniretur
1160 2551 1196 2606 ut
1214 2564 1276 2606 cre-

244 2634 348 2695 deret?
374 2644 428 2695 aut
450 2657 469 2696 a
491 2634 618 2697 audiere
641 2634 795 2719 naufraga
820 2634 950 2698 missum
978 2655 1052 2697 oum
1075 2634 1144 2700 telo
1170 2659 1275 2707 rmum,

244 2727 297 2807 qui
315 2727 457 2790 cobortes
477 2738 505 2789 ct
525 2727 641 2791 classes
660 2728 854 2812 imperatoris
872 2726 1102 2813 perfringeret?
1120 2752 1199 2815 ergo
1217 2753 1276 2794 non

244 2820 305 2882 iam
323 2820 421 2895 Nero,
445 2821 533 2884 carius
553 2821 719 2885 inmanitas
738 2822 876 2886 omnium
894 2832 1024 2904 questus
1044 2823 1205 2901 anteibat,
1224 2825 1276 2888 sed

245 2912 365 2978 Seneca
384 2915 515 2977 adverso
533 2937 657 2979 rumore
675 2926 750 2992 erat,
769 2916 853 2998 quod
871 2916 1009 2979 oratione
1027 2915 1084 2979 tali
1102 2918 1276 2982 confessio

195 3026 224 3069 ιι)
244 3029 314 3069 nem
342 3008 527 3092 scripsisset.
560 3009 639 3071 miro
661 3018 765 3073 tamen
789 3009 956 3072 certamine
977 3030 1149 3093 procerum
1173 3013 1275 3076 decer-

242 3112 358 3164 nuntur
376 3102 617 3185 supplicationes
632 3102 716 3186 apud
735 3104 839 3167 omnia
855 3102 1039 3187 pulvinaria,
1059 3113 1163 3185 utque
1179 3104 1275 3187 Quin-

242 3206 380 3275 quatrus,
400 3195 513 3278 quibus
532 3206 657 3280 apertae
675 3197 806 3261 insidiae
826 3205 939 3273 essent,
958 3194 1041 3260 ludis
1061 3199 1179 3263 annuis
1200 3198 1275 3263 cele-

241 3288 417 3366 brarentur3
436 3312 565 3353 alneum
578 3290 742 3354 Minervae
756 3291 956 3355 simulacrum
970 3290 1003 3353 in
1021 3291 1120 3367 curia,
1141 3302 1175 3356 et
1192 3293 1275 3356 iuxta

243 3382 389 3467 principis
407 3384 512 3468 imago
527 3393 748 3460 statuerentur3
767 3385 833 3448 dies
852 3383 963 3448 natalis
976 3383 1181 3468 Agrippinae
1200 3386 1276 3448 inter

244 3474 381 3538 nefastos
400 3486 492 3540 esset.
521 3477 662 3541 Thrasea
679 3477 797 3541 Paetus
817 3477 939 3540 silentio
958 3475 1009 3538 vol
1027 3475 1119 3541 brevi
1138 3480 1274 3543 adsensu
1304 3510 1315 3535 ο

243 3568 360 3650 priores
384 3570 577 3634 adulationes
600 3572 809 3636 transmittere
833 3571 942 3635 solitus
966 3571 1043 3633 exiit
1065 3581 1135 3635 tum
1155 3582 1273 3648 senatu,

243 3682 279 3723 ac
298 3661 357 3724 sibi
376 3685 503 3726 causam
520 3665 649 3748 periculi
667 3664 750 3740 feeit,
770 3665 880 3728 ceteris
898 3664 1050 3728 libertatis
1069 3665 1199 3730 initium
1215 3689 1274 3730 noa

243 3755 393 3837 praebuit.
418 3759 559 3842 prodigia
572 3780 696 3841 quoque
711 3759 820 3823 crebra
837 3768 868 3822 et
881 3759 967 3822 irrita
979 3759 1204 3824 intercessere:
1223 3783 1274 3824 an-

243 3871 337 3932 guem
359 3851 451 3913 enixa
472 3852 596 3928 mulier,
623 3863 654 3915 et
676 3852 791 3915 alisia
817 3851 984 3917 concubitu
1010 3852 1118 3916 mariti
1143 3853 1272 3917 fulmine

244 3944 432 4021 exanimatam
456 3946 518 4009 iam
537 3946 583 4010 sol
600 3958 727 4031 repente
750 3946 935 4012 obscuratus
958 3955 989 4009 et
1007 3955 1112 4011 tactae
1131 3948 1174 4012 de
1190 3948 1272 4013 caelo

243 4038 489 4115 quattuordecim
511 4039 597 4103 urbis
615 4041 774 4125 regiones3
798 4062 878 4123 quae
896 4040 974 4104 adeo
998 4039 1066 4102 sine
1084 4063 1164 4106 cura
1182 4043 1272 4106 deum

244 4126 442 4206 eveniebant,
465 4142 500 4193 ut
523 4133 635 4197 multos
653 4144 724 4218 post
748 4158 847 4199 annos
865 4134 948 4198 Nero
969 4133 1140 4217 imperium
1159 4145 1192 4200 et
1210 4157 1273 4200 sce-
