2760 4874
390 377 597 443 ANNALIUM
614 379 688 432 LIB.
703 379 769 434 XV.-
786 379 906 432 22-27.
1095 367 1158 432 295

138 484 157 521 p.
169 471 209 510 Ch.
219 471 251 509 63.

136 541 212 615 nire,
227 537 287 600 nisi
301 536 465 600 sacerdotii
477 536 626 621 religione
636 536 829 600 attineretur:
848 536 962 599 iturum
972 537 1012 599 ad
1026 537 1116 621 signa
1129 547 1160 601 et

137 631 258 716 effigies
266 629 424 715 principis,
435 628 489 694 ubi
498 629 673 715 legionibus
684 650 787 692 coram
796 650 928 714 regnum
937 631 1157 715 auspicaretur.

137 774 141 781 .
202 723 333 790 Talibus
355 722 522 808 Vologesis
540 722 668 799 litteris,
696 723 770 805 quia
791 721 909 787 Paetus
932 724 1057 795 diversa
1082 734 1160 787 tam·
1178 744 1209 793 25

136 842 231 903 quam
252 817 346 883 rebus
361 816 497 903 integris
521 816 696 894 scribebat,
716 817 923 903 interrogatus
946 820 1089 882 centurio·
1105 820 1159 901 qui

139 937 209 976 curn
226 911 337 998 legatis
356 912 533 989 advenerat,
552 911 666 993 quoin
684 920 766 976 statu
775 909 926 976 Armenia
939 922 1031 989 esset,
1051 935 1158 976 ornnes

139 1007 210 1070 inde
228 1006 388 1070 Romanos
407 1005 586 1070 excessisse
598 1004 768 1089 respondit.
791 1014 857 1068 tum
874 1005 1030 1070 intellecto
1048 1005 1160 1070 barba-

137 1124 241 1165 rorum
254 1100 361 1175 inrisu,
380 1121 438 1182 qur
425 1097 686 1184 peterentquod
703 1099 888 1184 eripuerant,
908 1100 1064 1164 consuluit
1052 1101 1160 1165 tinter

137 1193 288 1279 primores
307 1193 440 1257 civitatis
459 1191 558 1269 Nera,
569 1191 698 1256 bellum
716 1215 831 1288 anceps
854 1217 894 1257 an
911 1216 974 1279 pax
995 1194 1161 1282 inhonesta

137 1289 282 1374 placeret.
310 1309 368 1352 nec
386 1286 508 1352 dubitat
495 1295 562 1350 tum
580 1287 620 1349 de
638 1286 734 1363 bello;
757 1296 788 1350 et
806 1285 945 1352 Corbulo
963 1288 1041 1351 milit
1030 1299 1096 1351 ιιιιιι
1114 1297 1160 1351 ιι-

137 1407 209 1467 que
208 1383 296 1448 host
276 1392 353 1447 trum
375 1391 421 1446 tot
441 1391 498 1466 per
519 1405 617 1446 annos
641 1389 757 1467 gnarus
775 1382 930 1467 gerendae
952 1384 997 1446 rei
1018 1384 1160 1469 praefici-

137 1488 200 1554 tur,
227 1499 267 1542 ne
293 1477 382 1541 euius
406 1475 535 1552 alterius
563 1475 687 1539 inscitia
707 1498 834 1539 rursum
860 1487 1054 1560 peccaretur,
1084 1477 1160 1559 quia
1240 1513 1242 1520 ι

136 1569 226 1634 Paeti
243 1570 397 1657 piguerat.
415 1570 511 1655 igitur
527 1569 611 1632 inriti
629 1570 836 1645 remittuntur,
855 1592 926 1633 cum
940 1570 1029 1635 donis
1043 1580 1158 1647 tamen,

136 1665 219 1728 unde
238 1687 311 1772 spes
329 1663 418 1728 fieret
434 1686 498 1728 non
515 1662 632 1727 frustra
650 1663 760 1727 cadem
773 1673 932 1738 oraturum
942 1664 1112 1740 Tiridaten,
1132 1666 1159 1728 si

64 1790 72 1802 ⁴
135 1780 244 1843 preces
266 1759 334 1842 ipse
357 1757 524 1822 attulisset·
499 1755 718 1842 t,Syriaeque
740 1757 938 1822 executioC
957 1757 1031 1834 lti0‚
1051 1759 1158 1844 copiae

136 1852 285 1916 militares
296 1849 477 1916 Corbuloni
485 1853 672 1937 permissae;
691 1860 722 1915 et
734 1852 847 1934 quinta
860 1852 992 1919 decuma
1005 1852 1087 1937 legio
1101 1851 1159 1915 du-

138 1955 227 2008 cente
247 1944 352 2010 Mario
371 1943 467 2010 Celso
489 1944 688 2011 ePanuonia
711 1945 901 2009 adiectat
853 1954 914 2022 est3
943 1935 1049 2008 scribit
1038 1955 1143 2009 utrte

138 2038 268 2103 trarchis
286 2054 323 2102 ac
339 2038 466 2125 regibus
484 2039 713 2124 praefectisque
732 1994 1036 2146 etprocuraloribus,
1056 2040 1158 2120 etqui

136 2132 480 2218 praetorumfinitimas
503 2133 679 2219 provincias
702 2131 898 2217 regebant,
889 2133 983 2196 russis
1003 2130 1158 2197 Corbulo-

137 2227 185 2290 nis
200 2225 331 2308 obsequi
344 2226 506 2290 intantum
524 2225 622 2289 ferme
637 2225 764 2290 modum
778 2234 869 2288 aucta
880 2232 1045 2309 potestate,
1064 2247 1158 2308 quem

136 2320 271 2405 populus
284 2319 446 2384 Romanus
458 2318 517 2383 Cn.
527 2318 680 2404 Pompeio
701 2318 819 2384 bellurn
840 2319 1004 2403 piraticum
1030 2327 1158 2404 gesturo

137 2414 274 2477 dederat.
305 2435 485 2521 regressum
506 2412 654 2490 Paetum,
674 2436 745 2476 cum
763 2413 906 2497 graviora
928 2422 1092 2488 metueret,
1111 2412 1159 2476 fa-

138 2508 224 2571 cetiis
242 2506 388 2571 insectari
401 2507 475 2571 satis
490 2506 599 2571 habuit
617 2505 744 2580 Caesar,
764 2507 813 2570 his
827 2506 924 2569 ferme
938 2506 1078 2572 verbisz‘
1069 2529 1159 2591 rgno-

138 2623 224 2665 sccrc
250 2623 285 2664 se
312 2601 430 2678 statim,
460 2623 500 2664 ne
522 2610 585 2664 tam
607 2610 769 2707 promptus
796 2600 828 2662 in
849 2622 997 2684 pavorem
1018 2600 1158 2686 longiore

139 2694 344 2759 sollicitudine
362 2704 565 2780 aegresceret.

201 2785 248 2850 Αι
257 2785 396 2853 Corbulo
414 2798 524 2872 quarta
542 2797 572 2853 et
586 2788 782 2852 duodecuma
798 2755 984 2873 legionibus,
1004 2810 1084 2871 quae
1097 2789 1160 2852 for·
1177 2810 1209 2855 ιι

138 2882 258 2959 tissima
275 2903 400 2964 quoque
418 2883 535 2946 amisso
554 2892 584 2946 et
602 2881 712 2946 ceteris
731 2881 884 2946 extenitis
906 2903 1017 2966 parum
1039 2881 1183 2946 habiles

137 2976 253 3061 proelio
271 2975 506 3053 videbantur,
497 3001 529 3041 m
548 2975 707 3062 Syriamt
695 2962 833 3040 translat
812 2986 866 3052 trs,
894 2986 1015 3041 sextam
1032 2977 1104 3040 inde
1123 2999 1160 3040 ac

138 3072 259 3134 tertiam
275 3069 426 3154 legiones,
444 3071 600 3155 integrum
618 3070 748 3134 militem
766 3079 798 3133 et·
814 3069 930 3134 crebris
949 3092 986 3133 ac
1002 3071 1160 3154 prosperis

137 3162 296 3227 laboribus
315 3164 545 3241 exercitum,'in
553 3164 737 3228 Armeniam
755 3164 848 3240 ducit,
868 3164 1047 3246 addiditque
1064 3164 1161 3248 legio-

138 3279 210 3319 ncm
219 3255 369 3339 quintam,
388 3277 542 3343 quaepcr
549 3257 687 3322 Pontum
700 3279 797 3342 agens
812 3279 922 3341 expers
937 3257 1034 3320 cladis
1048 3257 1159 3333 fuerat,

140 3350 232 3414 simul
250 3350 547 3432 quintadecumanos
565 3374 674 3417 recens
688 3351 840 3415 adductos
855 3358 886 3414 ct
898 3349 1013 3414 vexilla
1026 3349 1161 3416 delecto-

138 3467 208 3507 rum
217 3466 256 3508 ex
265 3444 390 3529 Illyrico
404 3454 435 3508 et
443 3443 601 3531 Aegypto,
621 3446 768 3529 quodque
781 3445 900 3511 alarum
914 3443 1159 3525 cohortiumque,

140 3547 171 3601 et
187 3538 303 3606 auxilia
319 3561 430 3625 regum
447 3539 480 3603 in
497 3563 595 3605 unum
618 3540 772 3603 conducta
794 3538 878 3623 apud
892 3537 1079 3613 Melitenen,
1099 3559 1161 3619 qua

139 3632 307 3697 tramittere
323 3631 508 3718 Euphraten
529 3632 669 3719 parabat.
697 3642 763 3696 turn
781 3633 946 3696 lustratum
967 3632 1024 3694 rite
1043 3631 1161 3694 exerci-

139 3735 205 3788 tum
223 3726 263 3789 ad
281 3726 455 3814 contionem
473 3738 565 3793 vocat
582 3728 761 3810 orditurque
770 3726 946 3810 vmagnifica
959 3725 997 3788 de
1012 3724 1159 3809 auspiciis

139 3819 332 3903 imperatoris
357 3821 514 3905 rebusque
537 3846 556 3886 a
582 3844 616 3887 se
642 3821 755 3907 gestis,
791 3820 923 3884 adversa
948 3820 981 3882 in
1006 3817 1161 3882 inscitiam

139 3910 230 3975 Paeti
248 3913 420 3993 declinans,
439 3917 538 3980 multa
555 3916 751 3993 auctoritate,
779 3936 859 3998 quae
878 3914 944 3977 viro
962 3913 1086 3976 militari
1103 3935 1160 3997 pro

140 4004 287 4069 facundia
304 4017 378 4070 erat.
443 4016 445 4021 ⁴

205 4098 284 4164 Mox
297 4100 403 4166 iterL
413 4101 550 4168 Lucullo
563 4065 719 4190 quondam
733 4087 937 4188 penetratum,
957 4072 1161 4188 apertisquae
1180 4118 1210 4166 ιι
