2760 4874
330 366 688 426 humanihuman.
708 367 790 420 1-5.
805 368 976 440 (vs-10.)
1105 355 1167 421 155

141 458 258 510 acuar.

141 527 251 614 gladio
268 547 362 608 quem
385 525 455 589 sinu
472 523 633 589 abdiderat
655 522 805 588 incubuit.
833 545 934 607 neque
954 522 1072 589 Cacsar
1094 526 1166 607 ullis

141 619 323 701 criminibus
346 629 400 683 aut
416 617 538 703 probris
561 617 743 681 defunctum
765 617 935 682 insectatus
958 628 1020 696 est,
1043 641 1115 683 cum
1134 621 1166 683 in

140 715 291 778 Blaesum
309 714 408 776 multa
424 711 579 794 foedaque
597 711 813 775 incusavisset.

204 805 353 882 Relatum
377 806 450 869 inde
477 806 517 868 do
539 803 576 867 P.
600 803 728 868 Vitellio
754 813 785 868 et
806 803 981 889 Pomponio
1005 803 1165 872 Secundo:
1194 818 1208 864 ³

141 901 229 964 illum
247 900 365 963 indices
379 897 552 984 arguebant
565 897 700 961 claustra
714 898 823 961 aerarii
837 899 887 962 cui
904 893 1082 984 praefectus
1101 885 1206 964 erata,
1216 885 1236 927 ⁸)

142 1004 173 1058 et
190 993 354 1064 militarem
371 992 538 1077 pecuniam
556 991 649 1056 rebus
667 991 757 1056 novis
776 991 940 1070 obtulisse3
959 992 1031 1057 huic
1050 993 1168 1059 aOon-

142 1088 234 1161 sidio,
257 1095 403 1172 praetura
424 1085 546 1163 functo,
570 1084 785 1170 obiectabatur
806 1084 894 1150 Aelii
915 1084 999 1151 Galli
1022 1088 1165 1166 amicitia,

141 1182 195 1264 qui
217 1181 326 1266 punito
351 1179 466 1246 Seiano
492 1180 525 1242 in
546 1180 652 1244 hortos
675 1179 842 1264 Pomponii
868 1181 959 1263 quasi
980 1181 1167 1246 fidissimum

141 1276 182 1341 ad
192 1274 365 1340 subsidium
375 1274 566 1360 perfugisset
571 1299 579 1351 3
593 1296 694 1357 neque
708 1274 793 1338 aliud
805 1275 1050 1359 periclitantibus
1060 1275 1167 1340 auxilii

141 1392 235 1453 quam
252 1370 286 1433 in
303 1370 435 1435 fratrum
449 1368 622 1433 constantia
634 1367 703 1445 fuit,
726 1369 781 1451 qui
798 1368 895 1433 vades
913 1369 1069 1434 exstitere.
1093 1392 1166 1433 mox

141 1464 259 1529 crebris
281 1464 382 1549 prolat
370 1463 506 1528 itcnibus
530 1486 618 1548 spem
637 1485 674 1527 ac
695 1473 813 1527 metum
835 1463 922 1527 iuxta
943 1473 1092 1550 gravatus
1110 1463 1167 1528 Vi·
1192 1480 1194 1484 ⁴

109 1640 112 1647 Ι
141 1558 243 1622 tollius
260 1558 359 1642 petito
381 1579 437 1666 per
456 1558 592 1642 speciem
615 1557 787 1621 studrorum
809 1556 929 1642 scalpro
952 1557 1079 1622 levem
1070 1567 1165 1621 ictum

139 1652 228 1716 venis
245 1651 349 1715 intulit
337 1652 416 1715 vtit
417 1674 530 1735 amque
552 1651 746 1737 aegritudine
763 1652 864 1716 animi
885 1652 999 1716 finivit:
1022 1662 1055 1716 at
1042 1650 1167 1716 t-Pom

139 1745 266 1830 ponius,
290 1744 368 1808 mult
356 1754 388 1808 ta
398 1766 533 1813 morum
555 1745 688 1831 elegant
667 1755 710 1810 tra
732 1746 788 1810 ct
779 1747 905 1832 ingenio
927 1746 1063 1823 inlustri,
1091 1745 1166 1809 dum

140 1839 303 1903 adversam
322 1838 480 1902 fortunam
498 1861 616 1922 aequus
635 1839 754 1916 tolerat,
773 1838 900 1904 Tiberio
919 1848 1155 1924 superstest
1089 1839 1164 1903 fuit.

203 1931 359 1996 Placitum
379 1932 512 2016 posthac
529 1942 564 1995 ut
581 1933 614 1995 in
635 1932 772 2015 reliquos
792 1931 899 1998 Seiani
920 1931 1034 1996 liberos
1057 1933 1166 1996 adver·
1192 1938 1208 1984 4

140 2034 268 2100 teretur,
286 2035 472 2090 vanescente
491 2047 682 2135 quamquam
694 2025 827 2113 plebis
818 2050 864 2091 rra
882 2048 919 2091 ac
935 2025 1093 2110 plerisque
1110 2005 1205 2111 per‘v'
1200 2005 1233 2052 '⁹'

138 2119 244 2204 priora
261 2119 414 2203 supplicia
429 2119 514 2183 lenit
494 2130 547 2197 t1s;
564 2119 661 2205 igitur
677 2128 843 2204 portantur
858 2119 892 2183 111
909 2141 1064 2183 carcerem
1082 2119 1165 2183 filius

138 2212 366 2295 imminentium
383 2212 580 2298 intellegens,
598 2213 704 2298 puella
722 2212 801 2276 adeo
817 2213 976 2277 nesciant
993 2212 1101 2277 crebro
1119 2213 1166 2277 in-

139 2316 310 2392 terrogaret
321 2307 407 2389 quod
416 2306 456 2371 ob
471 2307 619 2371 delictum
629 2315 660 2370 et
672 2328 736 2390 quo
750 2306 936 2393 traheretur3
950 2327 1052 2388 neque
1065 2306 1167 2370 factu-

138 2423 206 2464 ram
215 2401 304 2477 ultm,
319 2409 350 2464 ct
358 2422 452 2485 posse
463 2423 496 2464 se
505 2401 617 2485 puerili
625 2400 754 2482 verbere
763 2401 891 2464 moneri.
902 2399 1037 2464 'tradunt
1046 2408 1166 2485 tempo-

138 2495 181 2558 ris
192 2493 258 2558 eius
273 2503 425 2571 auctores,
438 2494 518 2577 quia
535 2494 718 2557 triumvirali
732 2493 884 2579 supplicio
904 2493 995 2558 adlici
1012 2493 1165 2578 virginem

138 2587 312 2651 inauditum
320 2586 502 2665 habebatur,
513 2587 685 2652 acarnifice
695 2587 842 2670 laqueum
852 2588 939 2651 iuxta
948 2609 1164 2671 conpressam·

140 2681 224 2748 exim
233 2680 340 2745 oblisis
350 2680 494 2745 faucibus
505 2681 597 2744 idt
547 2703 583 2745 ae
585 2682 656 2746 attis
671 2681 842 2767 corporain
852 2679 1024 2747 Gemonias
1034 2679 1163 2745 abiecta

204 2773 267 2839 Per
288 2773 372 2838 idem
394 2783 517 2860 tempus
540 2773 621 2839 Asia
643 2784 735 2858 atque
756 2773 880 2841 Achaia
906 2775 1070 2839 exterritae
1093 2783 1165 2839 sunt
1156 2773 1233 2884 <vlo

140 2867 203 2931 acri
224 2868 326 2953 magis
348 2888 443 2950 quam
468 2868 615 2933 diuturno
637 2884 775 2947 rumore,
802 2868 958 2947 Drusum,
987 2865 1198 2934 Germanici'

139 2960 251 3037 filium,
275 2961 360 3069 apud
379 2959 536 3046 Cycladas
558 2962 691 3039 insulas,
716 2984 789 3027 mox
806 2963 839 3026 in
861 2962 1032 3028 continenti
1048 2962 1166 3026 visum.

141 3062 172 3117 et
194 3063 259 3118 erat
280 3055 403 3119 iuvenis
425 3054 511 3118 haud
532 3056 650 3140 dispari
672 3065 786 3134 aetate,
814 3056 1002 3141 quibusdam
1021 3056 1166 3121 Caesaris

139 3148 258 3214 libertis
280 3149 367 3213 velut
389 3149 513 3236 agnitus
529 3174 585 3236 per
597 3151 717 3227 dolum3
736 3153 806 3235 quir
816 3151 1035 3218 comitantibus
1053 3148 1167 3213 allicie-

139 3242 254 3306 bantur
270 3243 371 3328 ignari
389 3243 474 3307 fama
495 3243 642 3322 nominis3
669 3253 699 3308 et
716 3245 868 3329 promptis
888 3241 1080 3308 Graecorum
1102 3242 1167 3305 ani-

140 3335 201 3400 mis
220 3336 260 3400 ad
277 3335 359 3401 nova
376 3346 407 3401 ct
424 3337 503 3401 mira
515 3376 557 3385 -
570 3337 686 3422 quippe
704 3337 845 3423 elapsum
859 3336 1019 3401 custodiae
1036 3356 1166 3419 pergere

140 3428 184 3492 ad'
203 3438 349 3514 paternos
372 3431 525 3495 exercitus
547 3429 732 3516 Aegyptum
758 3440 811 3495 aut
834 3427 959 3515 Syriam
984 3429 1165 3492 invasurum

140 3522 301 3608 fingebant
319 3524 413 3588 simul
430 3524 715 3608 credebantque-
733 3525 796 3588 iam
813 3522 984 3588 iuventutis
1003 3543 1165 3598 concursu,

138 3617 203 3680 iam
219 3616 483 3701 publicis'studiis
501 3618 768 3702 frequentabatur,
787 3618 888 3682 laetus
901 3613 1117 3701 praesentibus
1136 3622 1167 3678 et

138 3709 278 3774 inanium
297 3733 367 3796 spe,
390 3735 463 3776 cum
480 3713 622 3776 auditum
639 3713 672 3776 id
689 3711 838 3797 Poppaeo
857 3709 990 3787 Sabin03
1013 3709 1040 3773 is
1057 3707 1167 3772 Mace-

139 3803 251 3868 doniae
269 3812 336 3869 tum
353 3805 490 3870 intentus
508 3804 664 3869 Achaiam
686 3827 809 3889 quoque
828 3803 964 3869 curabat.
991 3802 1087 3888 igitur
1103 3823 1166 3885 quo

139 3917 214 3960 vera
232 3919 288 3961 seu
305 3897 386 3963 falsa
404 3900 528 3976 antiret,
552 3899 752 3964 Toronaeum
769 3899 1040 3980 Thermaeumque
1064 3896 1166 3962 sinum

139 3990 382 4075 praeseminans,
405 4015 480 4058 mox
500 3993 679 4070 Euboeam,
703 3991 825 4078 Aegaei
847 3992 941 4056 maris
964 3991 1111 4071 insulam,
1135 3998 1166 4054 et

139 4083 288 4150 Piraeum
306 4085 431 4152 Atticae
452 4110 538 4165 orae,
561 4088 635 4153 dein
653 4086 870 4152 Corinthiense
888 4082 966 4150 litus
989 4085 1165 4172 angustias·
