2760 4874
375 40 447 171 d?

291 387 499 446 ANNALIUM
516 387 590 442 LIB.
605 388 654 444 VI.
673 389 793 444 37-40.
811 390 954 465 (31-34.)
1073 381 1132 444 171

111 479 271 532 amum

177 547 328 632 Cupitum
345 546 378 609 id
388 541 528 610 Tiberio:
548 541 1015 634 omatPhraatenqaocingitque
1033 527 1135 635 pater·
1154 554 1185 600 38

111 645 188 707 num
207 642 247 705 ad
265 640 436 725 fastigium,
451 640 611 704 destinata
627 640 773 717 retinens,
793 642 929 713 consiliis
948 653 978 707 et
993 654 1067 708 astu
1084 669 1134 710 res
1149 622 1190 667 (3⁹)

111 746 257 801 externas
275 734 390 811 moliri,
414 757 501 798 arma
521 733 630 818 procul
647 733 772 798 habere.
804 736 922 801 interea
939 739 1071 824 cognitis
1089 741 1137 803 in-

111 829 200 895 sidiis
222 826 405 908 Artabanus
428 827 543 891 tardari
565 836 664 904 metu,
691 829 785 893 modo
813 830 958 915 cupidine
980 832 1135 911 vindictae

110 924 322 988 inardescere:
350 931 381 987 et
397 921 538 986 barbaris
557 922 713 986 cunctatio
736 923 871 1001 servilis,
899 925 1005 988 statim
1022 926 1136 1009 exequi

110 1018 233 1103 regium
254 1016 391 1080 videtur:
417 1014 516 1079 valuit
537 1023 642 1081 tamen
663 1015 795 1094 utilitas,
821 1027 857 1080 ut
876 1015 1009 1082 Abdum
1031 1019 1136 1104 specie

111 1111 267 1175 amicitiae
283 1119 430 1175 vocatum
448 1110 488 1173 ad
506 1110 614 1194 epulas
637 1109 721 1174 lento
739 1133 860 1176 veneno
881 1112 1038 1198 inligaret,
1063 1111 1136 1178 Sin·

110 1227 212 1269 nacen
228 1202 475 1269 dissimulatione
493 1225 530 1268 ao
548 1203 653 1280 donis,
673 1203 767 1268 simul
783 1227 840 1289 per
856 1206 983 1291 negotia
1001 1228 1136 1271 morare-

110 1310 171 1364 tur.
195 1308 226 1363 et
242 1298 395 1362 Phraates
414 1298 498 1382 apud
509 1294 633 1382 Syriam
652 1297 727 1362 dum
745 1299 862 1364 omisso
875 1299 967 1363 ,cultu
980 1299 1134 1377 Romano,

110 1393 162 1457 eui
178 1415 235 1477 per
252 1400 299 1456 tot
321 1414 419 1456 annos
441 1392 632 1468 insueverat,
660 1392 802 1456 instituta
823 1391 1012 1458 Parthorum
1030 1394 1134 1470 sumit,

108 1487 218 1571 patriis
237 1486 374 1551 moribus
392 1485 493 1570 impar
510 1484 619 1550 morbo
638 1484 822 1571 absumptus
841 1495 898 1551 est.
931 1487 987 1551 sed
1008 1510 1072 1551 non
1080 1486 1136 1550 Ti·

108 1577 214 1645 berius
233 1579 339 1644 omisit
355 1579 493 1664 incepta:
513 1577 685 1642 Tiridatem
699 1579 861 1664 sanguinis
876 1579 1016 1645 eiusdem
1030 1603 1136 1644 aemu-

108 1674 174 1738 lum
197 1671 375 1749 Artabano,
402 1673 684 1756 reciperandaeque
701 1672 873 1757 Armeniae
893 1673 1050 1738 Hiberum
1072 1673 1136 1742 Mi·

109 1768 264 1832 thridaten
277 1767 385 1852 deligit
398 1766 603 1849 conciliatque
621 1767 710 1854 fratri
718 1765 934 1843 Pharasmani,
952 1767 1006 1851 qui
1019 1767 1135 1853 gentile

108 1862 273 1946 imperium
291 1860 465 1938 obtinebat3
484 1869 515 1924 et
533 1860 653 1926 cunetis
671 1882 752 1944 quae
770 1861 854 1946 apud
864 1858 1033 1926 Orientem.
1045 1883 1136 1945 para-

108 1955 222 2020 bantur
242 1954 284 2019 L.
307 1953 470 2019 Vitellium
492 1954 651 2038 praefecit
683 1975 720 2018 eo
743 1955 783 2019 de
809 1954 935 2018 homine
957 1954 1042 2018 haud
1064 1977 1135 2018 sum

108 2049 237 2133 ignarus
256 2047 413 2112 sinistram
431 2047 465 2110 in
481 2046 559 2111 urbe
576 2046 708 2124 famam,
735 2047 884 2133 pleraque
906 2047 1000 2112 foeda
1016 2069 1135 2112 memo-

107 2141 184 2218 rari3
204 2149 341 2204 ceterum
355 2140 501 2226 regendis
515 2140 683 2224 provinciis
701 2141 805 2224 prisca
821 2141 936 2205 virtute
954 2141 1032 2226 egit:
1051 2141 1134 2204 unde

107 2256 271 2319 regressus
298 2242 329 2297 et
350 2233 515 2298 formidine
535 2231 573 2298 O.
594 2232 755 2311 Caesaris,
782 2233 991 2298 familiaritate
1010 2232 1135 2298 Claudii

109 2338 199 2412 turpe
216 2327 250 2392 in
267 2327 429 2392 servitium
446 2336 585 2392 mutatus
608 2328 768 2412 exemplar
789 2329 874 2413 apud
895 2337 1043 2412 posteros
1057 2327 1135 2392 adu-

108 2422 210 2487 latorii
233 2422 393 2487 dedecoris
416 2423 561 2499 habetur,
590 2432 812 2505 cesseruntque
834 2423 935 2508 prima
956 2421 1132 2507 postremis,

108 2526 140 2580 et
157 2514 240 2598 bona
256 2517 402 2582 iuventae
421 2527 566 2582 senectus
583 2516 740 2601 flagitiosa
757 2516 955 2581 oblitteravit.

171 2608 218 2702 At
235 2632 276 2674 ex
292 2610 408 2697 regulis
426 2608 723 2719 priorffitluidates
733 2610 982 2675 Pharasmanem
994 2608 1133 2695 perpulit
1148 2610 1190 2723 gg)

108 2702 181 2767 dolo
199 2703 279 2767 etri
297 2713 426 2769 conatus
445 2725 520 2768 suos
539 2725 659 2781 ruvare,
677 2704 852 2788 repertique
866 2713 1062 2789 corruptores
1077 2702 1135 2767 mi-

108 2797 222 2861 nistros
236 2794 366 2862 Arsacis
384 2797 482 2861 multo
500 2820 576 2862 auro
593 2797 635 2861 ad
652 2797 754 2862 scelus
769 2807 900 2883 cogunt3
920 2798 1013 2862 simul
1021 2797 1134 2882 Hiberi

108 2890 232 2975 magnis
251 2891 348 2975 copiis
362 2889 546 2959 Armeniam
563 2890 745 2976 inrumpunt
760 2900 794 2956 et
812 2891 889 2956 urbe
906 2890 1062 2956 Artaxata
1072 2913 1135 2976 po·

109 2985 235 3048 tiuntur.
258 3006 340 3067 quae
357 2995 524 3070 postquam
542 2985 707 3051 Artabano
725 2987 865 3073 cognita,
883 2987 982 3051 filium
994 2985 1135 3053 Orodem

108 3078 242 3142 ultorem
264 3087 367 3163 parat3
395 3080 448 3144 dat
465 3080 655 3145 Parthorum
677 3081 798 3166 copias,
826 3082 921 3145 mittit
943 3081 1135 3164 quiauxilia

108 3173 252 3237 mercede
270 3172 421 3251 facerent3
441 3183 549 3238 contra
557 3173 786 3239 Pharasmanes
801 3173 1133 3259 adiungere'Albanos,

109 3266 210 3330 accire
220 3264 391 3344 Sarmatas,
406 3268 713 3353 quorum-sceptuchi
726 3268 881 3350 utrimque
895 3267 984 3332 donis
999 3266 1134 3350 acceptis

108 3381 196 3423 more
208 3360 332 3446 gentico
347 3361 472 3425 diversa
481 3361 619 3426 induere.
648 3362 703 3426 sed
712 3360 826 3425 Hiberi
839 3356 978 3424 locorum
992 3368 1134 3443 potentes

109 3451 229 3537 Caspia
250 3454 303 3518 via
322 3451 500 3519 Sarmatam
515 3455 555 3518 in
573 3452 742 3518 Armenios
765 3453 879 3538 raptim
897 3453 1071 3517 effundunt
1103 3461 1135 3516 at

109 3548 163 3630 qui
180 3547 306 3613 Parthis
325 3549 549 3627 adventabant,
569 3548 661 3614 facile
676 3548 878 3625 arcebantur,
902 3569 974 3610 cum
992 3546 1069 3610 ahos
1088 3546 1135 3610 in-

109 3663 217 3706 cessus
235 3641 334 3707 hostis
353 3643 526 3720 clausisset,
545 3666 642 3707 unum
659 3642 823 3726 reliquum,
842 3663 928 3705 mare
942 3641 1023 3703 inter
1036 3648 1067 3703 et
1080 3661 1134 3703 ex-

109 3743 224 3799 tremos
244 3734 450 3801 Albanorum,
463 3746 599 3815 montes,
626 3746 730 3802 aestas
751 3736 931 3820 impediret,
958 3733 1033 3817 quia
1052 3731 1134 3796 flati-

108 3827 169 3892 bus
191 3830 358 3893 etesiarum
380 3831 548 3915 implentur
570 3832 664 3895 vada:
695 3830 844 3894 hibernus
872 3841 978 3893 auster
1003 3826 1134 3891 revolvit

103 3922 237 4001 ductus,
255 3924 412 4009 pulsoque
427 3926 578 3991 introrsus
601 3925 680 3990 sreto
698 3925 806 3990 brevia
823 3924 949 3989 litorum
967 3923 1132 3987 nudantur.

108 4015 232 4080 interim
252 4015 382 4083 Oroden
400 4020 554 4084 sociorum
576 4020 702 4104 inopem
724 4026 835 4084 auctus
858 4018 975 4082 auxilio
996 4017 1133 4081 Pharas·
1147 4014 1204 4127 (ἐξ)

109 4132 218 4175 manes
241 4132 354 4177 vocare
372 4113 412 4177 ad
429 4135 572 4200 pugnam
595 4122 626 4178 et
643 4110 1054 4201 detrectantem-incessere,
1078 4110 1134 4176 ad-
1182 4088 1188 4126 ³
