2760 4874
423 408 630 467 ANNALIUM
647 407 721 463 LIB.
736 409 759 463 1.
778 410 864 463 1-3,
1133 398 1154 460 5

131 571 263 646 tradere,
281 591 356 632 mox
369 565 487 631 Tiberii
504 567 711 652 principatum
729 575 760 629 et
773 574 883 643 cetera,
903 567 969 631 sine
983 567 1028 630 ira
1041 577 1073 631 et
1091 577 1155 631 stu-

130 664 197 741 dio,
216 683 349 746 quorum
367 683 479 725 causas
497 660 606 745 procul
623 659 733 724 habeo.

195 754 370 839 Postquam
377 754 477 819 Bruto
486 763 517 817 et
527 751 639 818 Cassio
649 752 748 817 caesis
762 752 847 816 nulla
854 753 917 816 iam
926 754 1050 838 publica
1059 778 1153 831 arma,
1171 775 1185 818 a

130 848 302 933 Pompeius
316 848 401 932 apud
411 845 550 911 Siciliam
564 868 732 931 oppressus
746 855 901 929 exutoque
913 847 1048 931 Lepido,
1062 848 1155 912 inter-

131 943 215 1007 fecto
230 941 368 1006 Antonio
385 962 426 1004 ne
438 940 568 1004 Iulianis
582 940 708 1023 quidem
726 939 866 1024 partibus
884 940 945 1005 nisi
960 940 1078 1006 Caesar
1090 942 1154 1005 dux

131 1035 285 1117 reliquus,
315 1034 418 1118 posito
440 1032 592 1097 triumviri
613 1033 738 1097 nomine
760 1032 921 1097 consulem
943 1055 977 1098 se
999 1035 1102 1099 ferens
1124 1046 1155 1098 et

131 1129 173 1192 ad
190 1128 337 1191 tuendam
351 1126 476 1211 plebem
488 1125 653 1191 tribunicio
670 1125 737 1189 iure
751 1135 939 1204 contentum,
958 1127 1012 1192 ubi
1026 1128 1154 1191 militem

132 1223 233 1297 donis,
252 1221 403 1306 populum
416 1241 549 1296 annona,
568 1228 697 1284 cunctos
711 1220 873 1284 dulcedine
887 1221 941 1284 otii
954 1221 1089 1306 pellexit,
1108 1221 1154 1284 in·
1249 1303 1254 1314 Ι

132 1336 260 1401 surgere
276 1313 436 1398 paulatim,
455 1313 561 1377 munia
579 1321 715 1390 senatus,
734 1313 981 1399 magistratuum,
1000 1314 1105 1400 legum
1123 1316 1155 1378 in

46 1422 50 1428 ’
133 1433 167 1474 se
189 1408 324 1484 trahere,
351 1407 437 1471 nullo
459 1408 658 1484 adversante,
684 1428 757 1471 cum
782 1406 968 1472 ferocissimi
992 1430 1049 1492 per
1071 1409 1153 1473 acies

132 1510 187 1566 aut
203 1500 427 1586 proscriptione
445 1500 639 1577 cecidissent,
658 1499 753 1563 ceteri
770 1499 930 1576 nobilium,
950 1510 1066 1583 quanto
1084 1503 1153 1584 quis

132 1595 259 1659 servitio
280 1593 466 1678 promptior,
494 1592 606 1677 opibus
629 1600 660 1656 et
681 1591 850 1657 honoribus
878 1593 1096 1664 extollerentur
1117 1618 1155 1659 ac

119 1688 221 1762 novis
240 1709 280 1751 ex
296 1686 390 1751 rebus
405 1686 488 1750 aucti
507 1695 573 1749 tuta
590 1695 621 1749 et
637 1685 813 1769 praesentia
826 1706 920 1767 quam
933 1701 1038 1750 vetera
1056 1702 1087 1750 et
1099 1710 1154 1772 pc-

131 1779 266 1845 riculosa
278 1779 414 1844 mallent.
433 1801 534 1862 neque
548 1778 725 1863 provinciae
742 1777 830 1841 illum
843 1800 947 1842 rerum
966 1789 1082 1843 statum
1100 1780 1154 1845 ab·

131 1872 278 1950 nuebant,
299 1881 444 1957 suspecto
458 1880 584 1942 senatus
597 1870 766 1956 populique
780 1872 909 1956 imperio
928 1871 967 1936 ob
986 1873 1155 1936 certamina

130 1967 303 2053 potentium
317 1976 348 2031 et
360 1967 522 2031 avaritiam
535 1966 783 2054 magistratuum,
797 1965 934 2030 invalido
947 1966 1053 2052 legum
1067 1968 1154 2029 auxi-

130 2063 187 2139 lio,
206 2083 286 2144 quae
303 2061 348 2136 vi,
367 2058 500 2136 ambitu,
518 2069 676 2143 postremo
693 2059 826 2144 pecunia
844 2059 1056 2125 turbabantur.

197 2155 343 2221 Ceterum
352 2154 519 2240 Augustus
530 2152 670 2219 subsidia
678 2154 881 2218 dominationi
892 2152 1153 2232 ClaudiumMar-
1172 2178 1185 2221 3

131 2250 259 2326 cellum,
279 2248 398 2323 ‚sororis
410 2248 518 2323 filiurn,
537 2247 707 2311 admodum
724 2247 955 2311 adulescentem
970 2246 1155 2332 pontificatu

112 2348 169 2429 ψ
180 2343 280 2409 curuli
297 2342 462 2419 aedilitate,
481 2340 529 2406 M.
548 2339 733 2426 Agrippam,
751 2338 923 2426 ignobilem
938 2338 1019 2419 loco,
1036 2339 1155 2404 bonum

130 2437 240 2502 militia
257 2446 288 2501 et
305 2437 453 2501 victoriae
472 2436 600 2513 socium,
618 2434 785 2520 geminatis
804 2430 1016 2498 consulatibus
1034 2432 1153 2510 extulit,

130 2553 206 2597 mox
227 2529 374 2594 defuncto
392 2528 543 2594 Marcello
565 2551 716 2615 generum
738 2527 885 2612 sumpsit3
906 2525 1155 2592 -TiberiumNe-

130 2647 239 2689 ronem
257 2633 288 2688 et
307 2621 476 2688 Claudium
492 2623 636 2687 Drusum
653 2621 814 2706 privignos
832 2620 1037 2706 imperatoriis
1054 2621 1155 2686 nomi-

130 2717 223 2783 nibus
246 2717 345 2794 auxit‚
373 2717 494 2804 integra
516 2718 698 2781 etiamtum
721 2717 814 2780 domo
839 2739 910 2794 sua3
936 2740 1009 2780 nam
1030 2715 1152 2802 genitos

129 2812 275 2896 Agrippa
289 2809 404 2876 Gaium
418 2833 455 2875 ac
467 2810 605 2874 Lucium
617 2810 650 2873 in
668 2809 818 2878 familiam
834 2807 1007 2874 Caesarum
1023 2811 1155 2875 induxe-

129 2917 178 2970 rat
191 2904 326 2969 necdum
338 2905 439 2990 posita
451 2905 562 2989 puerili
576 2914 737 2990 praetexta
745 2905 901 2991 principes
914 2905 1084 2971 iuventutis
1099 2928 1155 2991 ap-
1172 2932 1184 2977 ·.

128 2998 251 3084 pellari,
275 2999 424 3070 destinari
439 2998 585 3071 consules
604 2999 707 3083 specie
725 2999 896 3064 recusantis
915 2991 1155 3085 flagrantissime

130 3092 300 3176 cupiverat.
319 3101 354 3156 ut
367 3090 513 3178 Agrippa
526 3092 590 3156 vita
603 3092 765 3169 concessit,
784 3092 825 3156 L.
841 3091 1013 3157 Caesarem
1027 3103 1153 3159 euntem

130 3186 172 3249 ad
189 3184 419 3270 Hispaniensis
429 3185 593 3263 exercitus,
613 3183 729 3250 Gaium
746 3196 936 3250 remeantem
953 3185 1106 3251 Armenia
1122 3196 1154 3251 et

129 3279 258 3342 vulnere
274 3278 447 3343 invalidum
464 3301 548 3344 mors
571 3279 637 3343 fato
654 3301 787 3363 propera
803 3279 854 3343 vel
872 3302 1023 3344 novercae
1040 3280 1153 3344 Liriae

130 3371 221 3436 dolus
236 3372 372 3449 abstulit,
390 3372 561 3461 Drusoque
573 3373 693 3458 pridem
708 3373 843 3436 extincto
857 3373 940 3437 Nero
954 3372 1038 3437 solus
1057 3395 1074 3436 e
1091 3373 1154 3456 pri-
1270 3440 1275 3453 ‚

129 3465 234 3550 vignis
256 3475 336 3543 erat,
358 3465 433 3530 illuc
455 3476 567 3530 cuncta
588 3487 731 3551 vergere:
758 3465 855 3543 filius,
879 3465 1001 3550 collega
1021 3465 1152 3550 imperii,

130 3580 258 3623 consors
272 3558 452 3625 tribuniciae
461 3560 624 3644 potestatis
637 3557 812 3624 adsumitur
821 3559 984 3641 omnisque
997 3580 1053 3643 per
1066 3578 1154 3621 exer·

130 3651 209 3727 citus
232 3660 417 3729 ostentatur,
444 3674 510 3716 non
531 3652 686 3730 obscuris,
710 3662 746 3716 ut
766 3661 871 3728 antea,
893 3650 1001 3716 matris
1024 3650 1152 3728 artibus,

129 3745 187 3810 sed
199 3745 302 3830 palam
311 3745 444 3810 hortatu.
463 3769 536 3811 nam
550 3769 658 3811 senem
671 3745 854 3831 Augustum
868 3745 1050 3809 devinxerat
1063 3745 1151 3822 adeo,

129 3838 174 3902 uti
196 3849 341 3924 nepotem
366 3841 507 3918 unicum,
534 3840 711 3928 Agrippam
733 3840 933 3917 Postumum,
960 3839 1152 3913 ininsulam

128 3930 310 3999 Planasiam
330 3934 496 4018 proiceret,
519 3935 630 3999 rudem
652 3956 727 3998 sane
750 3932 902 3999 bonarum
924 3934 1036 3998 artium
1055 3944 1086 3999 et
1102 3958 1152 4000 ro-

128 4023 204 4090 bore
226 4028 363 4112 corporis
387 4027 498 4092 stolide
515 4027 665 4104 ferocem,
689 4027 803 4092 nullius
827 4038 931 4093 tamen
952 4029 1061 4116 flagitii
1079 4051 1153 4094 con-

129 4127 266 4204 pertum:
289 4129 322 4185 at
342 4120 468 4187 hercule
487 4119 709 4193 Germanicum
727 4121 834 4187 Druso
856 4132 959 4191 ortum
981 4134 1054 4189 octo
1068 4124 1151 4209 apud
