2760 4874
220 397 283 461 202
566 405 751 463 CORNELII
763 404 897 462 TAOITI

1141 501 1249 538 aa.802.

220 589 278 632 nce
297 565 449 631 Claudius
473 563 553 627 ultra
575 572 737 648 expectato
760 561 872 629 obvius
889 562 975 649 apud
997 563 1104 630 sorum
1121 565 1251 650 praebet

220 683 254 725 se
276 658 485 746 gratantibus,
513 665 718 741 senatumque
738 656 900 743 ingressus
928 656 1091 722 decretum
1112 660 1253 745 postulat

219 775 282 837 quo
304 753 404 817 iustae
429 752 510 815 inter
531 759 659 835 patruos
680 750 874 833 fratrumque
900 749 981 817 lilius
1003 752 1136 837 nuptiae
1159 754 1252 818 etiam

219 847 252 911 in
268 856 429 932 posterum
442 853 664 922 statuerentur3
682 866 741 908 nee
754 853 859 909 tamen
870 853 1013 930 repertus
1026 854 1078 912 est
1088 846 1154 911 nisi
1171 870 1251 911 unus

144 983 149 990 ·
220 941 290 1006 talis
308 938 494 1005 matrimonii
512 937 646 1023 cupitor,
671 937 709 1002 T.
727 935 873 1003 Alledius
892 936 1045 1017 Severus,
1069 961 1171 1024 eques
1188 940 1252 1006 Ro-

219 1056 345 1111 manus,
369 1055 462 1116 quem
484 1031 623 1116 plerique
644 1029 841 1117 Agrippinae
863 1032 964 1118 gratia
984 1032 1152 1118 inpulsum
1172 1034 1252 1099 fere-

219 1128 304 1193 bant.
331 1150 423 1191 versa
439 1148 480 1190 ex
497 1147 535 1189 eo
557 1125 681 1202 civitas,
704 1135 736 1189 et
757 1134 870 1190 cuneta
890 1124 1027 1190 feminae
1049 1125 1251 1206 obediebant,

219 1245 282 1287 nou
298 1244 355 1307 per
371 1219 542 1295 lasciviam,
560 1227 595 1281 ut
609 1216 792 1297 Messalina,
811 1217 905 1285 rebus
917 1218 1074 1285 Romanis
1092 1219 1251 1286 illudenti:

219 1317 389 1383 adductum
403 1324 433 1379 et
447 1314 537 1399 quasi
550 1313 639 1378 uirile
652 1313 827 1378 servitium:
844 1313 950 1400 palam
963 1315 1118 1382 severitas
1132 1339 1173 1382 ae
1186 1339 1253 1383 sae-

218 1411 289 1497 pius
308 1409 467 1495 superbia3
485 1407 562 1473 nihil
580 1407 665 1472 domi
682 1407 872 1493 inpudicum,
891 1408 952 1473 nisi
969 1408 1184 1476 dominationi
1201 1434 1253 1476 ex-

218 1505 352 1591 pediret3
370 1502 484 1589 cupido
498 1501 565 1566 auri
578 1501 722 1566 inmensa
733 1499 896 1567 obtentum
908 1500 1055 1581 habebat,
1070 1504 1168 1590 quasi
1180 1504 1253 1572 sub-

220 1598 333 1662 sidium
350 1619 448 1684 reguo
465 1605 635 1681 pararetur.

185 1712 201 1760 s
282 1690 346 1754 Die
363 1691 540 1775 nuptiarum
560 1686 688 1754 Silanus
706 1698 838 1754 mortem
857 1688 917 1755 sibi
934 1690 1104 1768 conscivit,
1128 1691 1199 1757 sive
1217 1714 1252 1757 eo

219 1805 319 1868 usque
338 1805 426 1866 spem
443 1783 525 1847 vitae
546 1783 750 1867 produxerat,
773 1804 831 1847 seu
852 1783 972 1848 delecto
995 1784 1047 1849 die
1070 1784 1252 1875 augendam

218 1878 259 1942 ad
275 1877 434 1942 invidiam.
459 1875 601 1954 Calrtna,
621 1877 808 1954 satureiae,
826 1876 920 1942 Italia
936 1877 1028 1963 pulsa
1045 1888 1107 1944 est.
1130 1880 1252 1945 addidit

219 1971 372 2037 Claudius
391 1992 479 2036 saera
496 1992 536 2034 ex
553 1970 676 2056 legibus
691 1970 776 2035 Tulli
792 1972 876 2057 regis
892 1971 1082 2057 piaculaque
1099 1974 1190 2059 apud
1206 1973 1252 2038 la·

219 2088 291 2131 eum
298 2065 422 2130 Dianae
435 2086 491 2149 per
500 2064 662 2149 pontifices
676 2064 789 2142 danda,
803 2064 1002 2151 irridentibus
1016 2067 1153 2145 cunctis,
1168 2068 1252 2151 quod

218 2181 337 2248 poenae
350 2158 643 2243 procurationesque
661 2158 772 2222 incesti
788 2158 821 2222 id
839 2158 987 2243 temporis
1000 2158 1249 2243 exquirerentur.

219 2263 252 2318 at
268 2251 460 2339 Agrippina,
478 2274 517 2315 ne
535 2252 625 2316 malis
644 2260 765 2316 tantum
782 2251 972 2318 facinoribus
989 2261 1181 2332 notesceret,
1198 2277 1251 2319 ve-

220 2347 304 2412 niam
318 2347 402 2411 exilii
419 2368 476 2431 pro
489 2343 624 2410 Annaeo
638 2343 771 2424 Seneca,
789 2345 883 2410 simul
894 2355 1075 2432 praeturam
1091 2346 1248 2435 impetrat,

218 2441 335 2506 laetum
352 2441 385 2504 in
402 2439 561 2524 publicum
583 2449 651 2504 rata
669 2439 709 2504 ob
732 2439 948 2504 claritudinem
970 2439 1150 2506 studiorum
1173 2443 1248 2519 eius,
1349 2520 1353 2539 Ι

219 2545 314 2619 utque
327 2534 460 2599 Domitii
473 2535 606 2620 pucritia
619 2534 672 2598 tali
686 2535 836 2620 magistro
850 2534 1041 2599 adolesceret
1057 2545 1092 2600 et
1110 2537 1248 2602 consiliis

220 2629 359 2692 ciusdem
373 2629 414 2691 ad
427 2651 516 2713 spem
529 2629 746 2693 dominationis
759 2637 927 2707 uterentur,
942 2629 1017 2712 quia
1026 2625 1156 2695 Seneca
1167 2631 1248 2695 fidus

218 2723 252 2786 in
268 2720 478 2807 Agrippinam
496 2723 645 2787 memoria
667 2722 811 2789 beneficii
828 2731 859 2788 et
876 2722 1017 2788 infensus
1037 2721 1179 2790 Claudio
1197 2726 1249 2790 do-
1350 2776 1353 2789 .

219 2815 284 2879 lore
300 2816 431 2879 iniuriae
450 2816 642 2881 credebatur.

186 2930 201 2976 9
284 2907 438 2971 Placitum
462 2909 574 2974 dehine
596 2933 660 2974 non
680 2910 762 2975 ultra
788 2911 940 2987 cunctari,
968 2910 1024 2975 sed
1046 2910 1249 2998 designatum

220 3001 379 3066 consulem
402 3001 590 3067 Memmium
613 3004 788 3069 Pollionem
810 3004 989 3090 ingentibus
1011 3006 1182 3090 promissis
1204 3008 1250 3070 in-

220 3096 338 3160 ducunt
355 3096 539 3160 sententiam
562 3119 758 3183 expromere,
781 3120 844 3182 qua
862 3108 1001 3163 oraretur
1019 3096 1179 3166 Claudius
1197 3101 1250 3166 de·

221 3190 372 3275 spondere
387 3189 554 3256 Oetariam
566 3191 722 3270 Domiti03
737 3193 821 3275 quod
833 3193 927 3256 aetati
939 3191 1105 3276 utriusque
1117 3216 1184 3258 non
1197 3195 1249 3260 ab·

221 3287 349 3350 surdum
359 3295 390 3350 et
398 3287 515 3350 maiora
524 3286 754 3369 patefacturum
768 3296 842 3351 crat.
861 3286 963 3351 Pollio
972 3286 1058 3350 haud
1067 3287 1248 3373 disparibus

219 3379 324 3444 verbis
342 3402 379 3444 ae
396 3403 496 3465 nuper
508 3379 654 3444 Vitellius
673 3389 779 3444 censet
784 3405 793 3457 3
812 3380 1086 3465 despondeturque
1102 3379 1248 3459 Octavia,

221 3495 258 3537 ae
271 3496 365 3558 super
377 3475 510 3559 priorem
524 3474 787 3538 necessitudinem
801 3494 935 3560 sponsus
948 3475 1011 3539 iarn
1025 3483 1057 3539 et
1069 3498 1171 3561 gener
1183 3476 1250 3541 Do-

220 3567 325 3632 mitius
349 3569 475 3650 aequari
492 3568 672 3633 Britannico
691 3569 802 3633 studiis
820 3569 942 3646 matris,
965 3577 1031 3633 arte
1048 3591 1163 3636 eorum
1181 3571 1248 3655 quis

221 3661 261 3725 eb
279 3673 457 3726 accusatam
475 3662 681 3727 Messalinam
698 3663 775 3727 ultio
793 3685 833 3727 ex
850 3663 914 3728 filio
933 3661 1112 3730 timebatur.

173 3776 203 3822 10
284 3755 348 3820 Per
364 3757 448 3820 idern
461 3765 584 3842 tempus
601 3757 697 3843 legati
708 3756 897 3822 Parthorum
915 3757 956 3821 ad
973 3759 1199 3841 expetendum,
1217 3769 1249 3823 ut

221 3850 338 3926 rettuli,
361 3849 567 3916 Meherdaten
585 3851 673 3916 missi
692 3861 834 3916 senatum
851 3851 1069 3938 ingrediuntur
1085 3854 1249 3918 mandata-

222 3964 282 4024 que
295 3943 328 4005 in
344 3944 427 4008 hunc
440 3946 567 4010 modum
580 3946 744 4031 incipiunt:
762 3969 826 4010 non
844 3968 878 4011 se
894 3945 1029 4011 foederis
1043 3946 1175 4032 ignaros
1194 3969 1248 4011 nee

222 4035 396 4120 defectione
418 4037 573 4104 afamilia
594 4038 820 4105 Arsacidarum
842 4040 962 4118 venire;
985 4039 1043 4104 sed
1064 4040 1167 4106 filium
1186 4041 1249 4107 Vo-

222 4129 322 4207 nonis,
341 4140 486 4215 nepotem
499 4133 643 4199 Phraatis
662 4157 819 4200 accersere
838 4136 987 4200 adversus
1002 4133 1248 4203 dominationem
