2760 4874
417 385 624 446 ANNALIUM
641 388 715 443 LlB.
728 388 750 443 Ι.
768 388 888 443 42—45.
1118 377 1160 443 25

139 493 160 531 ρ.
171 480 212 521 on.
222 481 256 520 14.

138 549 264 614 venisse
270 546 421 611 Romano
434 544 562 621 nomini,
577 545 799 629 compressisse
814 542 1001 612 Germaniae
1014 548 1160 633 populos:

138 652 201 720 tua,
221 641 293 705 dive
311 639 468 725 Auguste,
487 638 573 702 caelo
590 648 715 722 recepta
732 661 835 717 mens,
855 649 922 716 tua,
939 650 1028 725 pater
1044 641 1160 719 Druse,

138 737 259 821 imago,
283 734 329 797 tui
346 733 496 796 memoria
512 732 613 797 isdem
630 732 699 796 istis
722 754 796 796 cum
815 732 979 810 militibus,
1003 757 1082 817 quos
1097 737 1162 799 iam

138 829 239 913 pudor
257 836 289 891 et
305 825 405 913 gloria
422 824 529 902 intrat,
553 824 658 889 eluant
674 825 755 890 hano
773 826 927 890 maculam
944 827 1069 911 irasque
1088 829 1163 893 civi-

137 923 183 987 les
201 922 235 987 in
254 921 383 985 exitium
400 917 544 984 hostibus
562 927 692 983 vertant.
715 941 772 984 vos
790 941 928 1003 quoque,
953 943 1085 1004 quorum
1103 923 1163 987 alia

137 1037 222 1091 nunc
240 1037 310 1091 ora,
332 1014 394 1078 alia
410 1022 538 1098 pectora
555 1021 716 1090 contueor,
736 1013 763 1077 si
779 1012 900 1099 legatos
919 1016 1053 1091 senatui,
1072 1016 1163 1087 obse·

138 1111 249 1194 quium
262 1109 449 1194 imperatori,
469 1109 497 1173 si
513 1108 590 1171 mihi
608 1106 773 1195 coniugem
787 1111 929 1175 etlilium
941 1112 1080 1189 redditis,
1099 1113 1163 1177 dis-

138 1203 239 1268 cedite
258 1225 277 1266 a
294 1211 439 1266 contactu
460 1223 497 1266 ac
515 1202 643 1266 dividite
661 1202 823 1267 turbidos>
839 1203 873 1267 id
895 1203 1005 1269 stabile
1028 1205 1069 1270 ad
1088 1228 1163 1291 pae-

137 1297 314 1372 nitentiam,
332 1297 365 1360 id
381 1295 455 1359 fidei
472 1295 632 1359 vinculum
650 1296 736 1365 erit.“

204 1388 370 1475 Supplices
389 1389 525 1454 adhaec
543 1399 574 1453 et
591 1412 665 1455 vera
683 1390 863 1476 exprobrari
880 1391 1015 1457 fatentes
1033 1392 1162 1458 orabant
1181 1415 1212 1460 44

136 1484 263 1570 puniret
278 1483 399 1559 noxios,
418 1483 704 1569 ignosceretlapsis
723 1495 754 1548 et
766 1485 894 1551 duceret
910 1487 944 1550 in
960 1487 1082 1552 hostem
1088 1514 1097 1568 3
1114 1512 1163 1554 re-

102 1602 105 1606 ·
137 1586 302 1643 vocaretur
328 1576 455 1653 coniux,
482 1577 596 1641 rediret
617 1577 776 1663 legionum
802 1579 946 1645 alumnus
968 1604 1047 1647 neve
1069 1582 1162 1648 obses

139 1670 240 1737 Gallis
259 1671 440 1735 traderetur.
463 1671 597 1734 reditum
609 1668 804 1757 Agrippinae
823 1675 985 1738 excusavit
1002 1676 1042 1740 ob
1060 1677 1163 1740 immi-

137 1776 265 1830 nentem
286 1774 410 1849 partum
432 1774 463 1828 et
484 1763 633 1842 hiemem3
656 1774 822 1830 venturum
843 1766 955 1834 filium:
979 1779 1081 1834 cetera
1101 1770 1163 1854 ipsi

138 1868 391 1942 exsequerentur.
410 1858 587 1922 discurrunt
600 1859 711 1923 mutati
723 1869 755 1923 et
770 1861 1041 1928 seditiosissimum
1055 1886 1163 1947 quem-

136 1975 199 2036 que
218 1953 338 2017 vinctos
362 1952 488 2016 trahunt
509 1953 551 2016 ad
571 1952 709 2037 legatum
731 1954 863 2039 legionis
885 1955 1004 2040 primae
1023 1956 1061 2022 (ἒ
1081 1956 1162 2022 Cac-

95 2100 97 2104 ,
137 2047 283 2123 tronium,
298 2047 351 2129 qui
365 2047 513 2110 iudicium
528 2055 559 2110 et
566 2068 683 2131 poenas
698 2048 737 2111 de
751 2049 882 2134 singulis
896 2050 928 2113 in
941 2050 1025 2132 hunc
1034 2052 1162 2115 modum

137 2142 291 2207 exercuit:
315 2141 438 2206 stabant
455 2162 513 2224 pro
530 2141 672 2205 contione
694 2140 834 2228 legiones
857 2143 1012 2208 destrictis
1034 2135 1161 2229 gladiis3

136 2258 210 2300 reus
228 2235 262 2298 in
280 2243 434 2320 suggestu
450 2256 507 2320 per
524 2234 682 2299 tribunum
700 2235 935 2300 ostendebatur:
955 2237 982 2303 si
999 2247 1163 2301 nocentem

138 2329 404 2406 adclamaverant,
426 2351 575 2414 praeceps
594 2331 686 2394 datus
709 2322 931 2394 trucidabatur.
959 2341 990 2395 et
1007 2330 1164 2417 gaudebat

138 2423 288 2489 caedibus
310 2423 415 2500 miles,
442 2432 602 2506 tamquam
625 2433 724 2488 semet
747 2423 937 2501 absolveret,
964 2446 1023 2488 nec
1046 2423 1165 2491 Caesar

138 2516 278 2594 arcebat,
302 2517 427 2600 quando
444 2516 531 2581 nullo
548 2517 647 2601 ipsius
665 2517 755 2581 iussu
772 2539 870 2602 penes
889 2519 1017 2582 eosdem
1035 2519 1164 2583 saevitia

137 2610 215 2675 facti
232 2620 264 2675 et
280 2611 399 2674 invidia
415 2619 489 2675 erat
505 2611 604 2676 secuti
622 2611 799 2695 exemplum
812 2612 951 2675 veterani
964 2612 1049 2677 haud
1066 2612 1163 2678 multo

137 2713 210 2790 post
227 2704 261 2768 in
277 2704 421 2769 Raetiam
438 2705 612 2781 mittuntur,
632 2705 736 2790 specie
753 2704 968 2770 defendendae
985 2706 1164 2792 provinciae

138 2798 181 2863 ob
197 2797 387 2861 imminentis
403 2795 536 2875 Suevos,
556 2808 694 2863 ceterum
707 2808 742 2862 ut
759 2799 965 2864 avellerentur
977 2801 1087 2866 castris
1099 2810 1165 2865 tru-

139 2891 229 2956 cibus
252 2892 355 2956 adhuo
375 2914 440 2956 non
463 2892 567 2957 minus
589 2893 755 2976 asperitate
776 2894 1021 2977 remediiquam
1039 2895 1163 2960 sceleris

139 2986 298 3051 memoria.
326 2986 573 3050 centurionatum
590 2986 663 3050 inde
681 2987 759 3072 egit:
783 2986 895 3068 citatus
918 2987 958 3052 ab
976 2988 1162 3074 imperatore

139 3101 268 3156 nomen,
292 3079 445 3156 ordinem,
467 3079 616 3165 patriam,
638 3102 804 3144 numerum
822 3080 1060 3166 stipendiorum,
1083 3103 1164 3165 quae

140 3182 265 3237 strenue
287 3173 320 3236 in
344 3173 470 3257 proeliis
492 3173 635 3250 fecisset,
662 3183 693 3237 et
715 3174 766 3238 cui
789 3184 877 3238 erant
902 3175 984 3239 dona
1009 3175 1163 3251 militaria,

140 3266 267 3344 edebat;
285 3265 313 3330 si
330 3265 454 3342 tribuni,
474 3267 501 3330 si
517 3266 600 3353 legio
617 3267 802 3331 industriam
818 3267 1092 3350 innocentiamque
1110 3269 1165 3331 ad-

139 3360 362 3444 probaverunt,
380 3359 533 3424 retinebat
550 3361 687 3425 ordines:
709 3359 765 3424 ubi
782 3362 943 3425 avaritiam
961 3372 1015 3424 aut
1033 3360 1165 3424 crudeli-

140 3462 236 3517 tatem
255 3475 410 3517 consensu
427 3452 680 3531 obiectavissent,
701 3453 880 3519 solvebatur
896 3454 1014 3517 militia.

206 3544 261 3611 Sic
283 3547 463 3631 compositis
480 3546 696 3632 praesentibus
715 3547 801 3611 haud
823 3548 924 3612 minor
941 3547 1038 3610 moles
1057 3568 1164 3631 super·
1182 3568 1214 3617 45

140 3649 207 3704 era-t
224 3640 265 3705 ob
283 3641 432 3706 ferociam
444 3643 571 3725 quintae
590 3651 621 3706 et
633 3642 875 3706 unetvicesimae
888 3640 1055 3726 legionum,
1075 3661 1165 3704 sexa-

140 3734 297 3818 gesimum
319 3736 403 3819 apud
423 3735 560 3820 lapidem
578 3736 705 3800 -loco
723 3733 839 3799 Vetera
860 3755 975 3798 nomeu
993 3742 1041 3797 est
1058 3771 1099 3780 —
1116 3734 1164 3797 hi-

140 3826 351 3906 bernantium3
382 3852 455 3892 nam
472 3829 577 3913 primi
608 3829 792 3893 seditionem
818 3835 1050 3912 coeptaverant3
1082 3836 1164 3893 ntro-
1203 3853 1206 3915 j

140 3920 302 3986 cissimum
320 3923 466 4006 quodque
483 3923 610 3996 facinus
623 3924 734 3987 horum
751 3921 895 3986 manibus
913 3930 1068 4006 patratum
1074 3947 1083 4001 ;
1105 3945 1163 3987 nec

139 4037 244 4099 poena
274 4017 519 4081 commilitonum
549 4017 686 4081 exterriti
715 4038 774 4080 nec
802 4017 992 4101 paenitentia
1022 4019 1163 4082 conversi

141 4108 203 4174 iras
225 4109 408 4176 retinebant.
438 4110 533 4197 igitur
555 4109 675 4176 Caesar
696 4134 796 4190 arma,
819 4111 965 4190 classem,
985 4113 1086 4178 socios
1109 4112 1163 4177 de·
