2760 4874
227 371 267 434 72
577 374 758 432 CORNELII
771 373 903 429 TACITI

1138 477 1158 507 a.
1170 479 1190 506 u.
1202 469 1248 508 rra.

136 553 141 562 '
228 539 287 606 sibi
304 537 447 614 insidias,
469 547 672 620 praeventum
694 531 920 611 insidiatorem
943 533 1036 598 simul
1058 532 1175 599 bellum
1193 537 1250 600 ad-

223 654 333 699 versus
354 632 525 696 Basternas
545 624 742 711 Scythasque
763 626 969 710 praetendens
992 628 1082 692 novis
1104 629 1246 714 peditum

224 737 256 792 ct
277 726 417 810 equitum
439 721 536 808 copiis
564 742 633 786 sese
655 718 807 784 firmabat.
839 720 972 787 molliter
992 722 1203 809 rescriptum,
1221 724 1246 787 si

223 821 310 887 fraus
328 819 466 895 abesset,
488 837 582 902 posse
599 836 672 905 eum
693 814 887 879 innocentiae
905 814 1000 879 fidere
1006 840 1015 894 ;
1038 826 1175 881 ceterum
1186 838 1246 880 ‘ne-

222 939 284 1000 que
302 934 456 997 seneque
479 919 621 976 senatum
638 909 699 974 nisi
720 909 845 995 cognita
862 931 957 974 causa
977 911 1027 975 ius
1050 921 1082 975 et
1102 911 1245 976 miuriam

223 1011 426 1076 ffiscreturos:
440 1005 569 1092 proinde
582 1004 695 1069 tradito
705 1001 805 1088 Cotye
813 1003 932 1068 veniret
945 1004 1185 1088 transferretque
1198 1004 1246 1068 in-

173 1125 204 1175 es
223 1103 340 1169 vidiam
357 1099 504 1166 criminis.
532 1120 585 1163 eas
602 1097 720 1162 litteras
737 1096 883 1161 Latinius
901 1095 1065 1176 Pandusa,
1083 1120 1139 1183 pro
1155 1119 1247 1183 prae-

223 1208 288 1262 tore
296 1195 448 1271 Moesiae,
463 1214 534 1257 cum
547 1189 696 1256 militibus
706 1189 775 1274 quis
787 1188 885 1276 Cotys
900 1190 1073 1255 traderetur
1084 1192 1118 1255 in
1126 1191 1247 1257 Thrae-

223 1292 303 1356 ciam
325 1288 418 1354 misit.
450 1286 662 1371 Rhescuporis
688 1285 769 1349 inter
789 1295 907 1349 metum
930 1294 961 1349 et
981 1285 1059 1350 iram
1082 1296 1245 1351 cunctatus

222 1384 330 1449 maluit
347 1381 461 1468 patrati
477 1391 573 1465 quam
584 1379 700 1465 incepti
713 1379 859 1444 facinoris
877 1402 949 1445 reus
963 1402 1059 1459 esser
1068 1381 1168 1445 occidi
1182 1379 1247 1445 Co-

223 1488 283 1565 tyn¹
294 1476 381 1541 iubet
398 1483 591 1557 mortemque
614 1482 723 1558 sponte
746 1483 903 1558 sumptam
920 1474 1096 1542 ementitur.
1122 1495 1182 1538 nec
1200 1484 1247 1558 ta·

222 1593 295 1636 men
317 1569 436 1635 Caesar
460 1567 590 1653 placitas
617 1565 713 1632 semel
735 1575 817 1631 artes
843 1567 988 1645 mutavit,
1016 1569 1073 1632 sed
1097 1560 1246 1633 defuncto

221 1664 380 1741 Pandusa,
399 1684 493 1746 quem
506 1661 566 1727 sibi
578 1661 735 1727 infensum
749 1661 961 1746 Rhescuporis
975 1661 1135 1749 arguebat,
1149 1661 1254 1727 Pom*

221 1759 350 1845 ponium
361 1757 520 1834 Flaccum,
539 1765 676 1822 veterem
689 1755 851 1841 stipendiis
865 1765 895 1820 et
913 1766 980 1821 arta
996 1779 1069 1821 cum
1081 1777 1155 1843 rege
1169 1757 1247 1822 ami-

223 1854 295 1919 citia
313 1874 411 1936 eoque
424 1851 735 1916 accommodatiorem
748 1851 789 1916 ad
801 1850 982 1929 fallendum,
1001 1850 1042 1916 ob
1060 1851 1093 1915 id
1110 1851 1246 1916 maxime

222 1945 540 2032 Moesiaepraefecit.

173 2061 204 2109 67
285 2041 419 2108 Flaccus
440 2039 474 2104 in
495 2039 680 2104 Thraeciam
702 2047 915 2125 transgressus
937 2061 994 2124 per
1013 2038 1153 2125 ingentia
1173 2060 1247 2124 pro-

222 2136 320 2201 missa
337 2134 480 2219 quamvis
499 2132 683 2219 ambiguum
701 2142 733 2198 et
750 2134 868 2198 scelera
890 2156 947 2199 sua
963 2141 1158 2218 reputantem
1176 2154 1248 2217 per-

222 2229 301 2316 pulit
321 2239 357 2293 ut
377 2227 532 2314 praesidia
548 2227 692 2292 Romana
713 2227 855 2307 intraret3
877 2228 1067 2292 circumdata
1088 2226 1161 2291 hinc
1177 2226 1246 2313 regi

223 2323 327 2409 specie
343 2322 470 2388 honoris
482 2322 587 2388 valida
603 2345 715 2386 manus
728 2322 905 2405 tribunique
924 2332 954 2386 et
967 2318 1163 2387 centuriones
1178 2343 1247 2384 mo-

222 2419 339 2497 nenda,
362 2418 537 2495 suadendo,
561 2426 592 2482 et
609 2425 725 2501 quanto
748 2417 872 2503 longius
895 2415 1133 2492 abscedebatur‚
1157 2438 1247 2499 aper-

223 2513 300 2577 tiore
326 2512 482 2589 custodia,
513 2520 671 2596 postremo
697 2534 831 2598 gnarum
856 2509 1052 2574 necessitatis
1078 2509 1111 2572 in
1135 2509 1246 2574 urbem

223 2617 353 2671 traxere.
376 2615 540 2671 accusatus
553 2604 587 2668 in
605 2614 716 2669 senatu
729 2604 769 2669 ab
783 2627 880 2669 uxore
895 2601 1005 2689 Cotyis
1019 2604 1192 2680 damnatur,
1211 2611 1248 2666 ut

221 2697 331 2785 procul
346 2721 445 2786 regno
464 2707 628 2764 teneretur.
656 2699 810 2763 Thraecia
826 2699 860 2763 in
877 2697 1119 2764 Rhoemetalcen
1136 2697 1246 2774 filiurn,

223 2815 316 2876 quem
334 2793 470 2877 paternis
489 2791 625 2856 consiliis
644 2793 843 2857 adversatum
860 2791 1035 2868 constabat,
1058 2791 1152 2874 inque
1169 2790 1248 2855 libe-

222 2908 273 2950 ros
293 2883 403 2969 Cotyis
425 2884 587 2962 dividitur3
609 2885 711 2968 iisque
732 2887 871 2951 nondum
894 2886 1008 2951 adultis
1031 2885 1247 2950 Trebellianus

222 2977 327 3043 Rufus
345 2986 489 3063 praetura
506 2978 632 3043 functus
651 2979 755 3056 datur,
774 2980 828 3063 qui
844 3002 977 3066 reguum
994 2980 1117 3044 interim
1135 2987 1249 3044 tracta-

152 3074 156 3079 ’
222 3082 282 3150 ret,
306 3072 448 3159 exemplo
470 3094 532 3156 quo
554 3072 687 3138 maiores
704 3073 752 3138 M.
769 3074 930 3159 Lepidum
946 3073 1119 3143 Ptolemaei
1140 3073 1247 3139 liberis

224 3175 356 3230 tutorem
372 3165 404 3231 iu
417 3164 601 3252 Aegyptum
614 3167 772 3232 miserant.
793 3168 1006 3254 Rhescuporis
1020 3167 1248 3232 Alexandriam

223 3259 372 3324 devectus
394 3269 487 3343 atque
505 3260 568 3325 illic
589 3259 698 3348 fugam
721 3271 877 3348 temptans
900 3286 941 3327 an
957 3261 1031 3327 ficto
1053 3262 1182 3327 crimine
1199 3262 1248 3325 in·

223 3353 381 3419 terficitur.

174 3460 207 3509 68
286 3446 351 3512 Per
366 3446 450 3513 idem
468 3458 591 3533 tempus
604 3447 764 3526 Vonones,
783 3471 878 3533 quem
895 3458 1033 3515 amotum
1052 3449 1085 3512 in
1103 3447 1248 3514 Ciliciam

224 3542 407 3619 memoravi,
438 3542 590 3628 corruptis
617 3542 801 3608 custodibus
833 3544 972 3629 effugere
1002 3544 1043 3608 ad
1067 3542 1247 3620 Armenios,

224 3636 296 3701 inde
317 3625 380 3722 [in]
403 3635 546 3702 Albanos
568 3635 815 3722 Heniochosque
838 3637 1161 3724 etconsanguineum
1188 3636 1250 3701 sibi

224 3752 331 3815 regern
346 3728 535 3815 Scytharum
549 3740 754 3796 conatusest:
774 3732 877 3816 specie
890 3732 1025 3796 venandi
1039 3730 1164 3795 omissis
1182 3754 1250 3794 ma—

224 3823 335 3888 ritimis
352 3824 429 3890 locis
451 3825 522 3889 avia
540 3824 676 3889 saltuum
696 3826 798 3912 petiit,
825 3849 899 3891 mox
919 3826 1100 3910 pernicitate
1119 3823 1191 3908 equi
1209 3824 1250 3888 ad

226 3938 350 3980 amnem
371 3916 542 4002 Pyramum
569 3920 739 3998 contendit,
767 3921 856 3985 cuius
877 3929 989 4006 pontes
1011 3919 1135 3984 accolae
1156 3930 1250 4002 rupe-

226 4019 296 4073 rant
313 4010 418 4075 audita
434 4012 518 4098 regis
536 4013 627 4100 fuga3
650 4036 750 4098 neque
767 4015 852 4105 vado.
865 4014 1020 4101 penetrari
1036 4020 1166 4098 poterat.
1189 4011 1250 4097 igi-

226 4110 278 4166 tur
294 4103 327 4168 in
342 4105 411 4190 ripa
427 4105 562 4172 fluminis
580 4131 600 4172 a
616 4107 712 4174 Vibio
728 4109 905 4187 Frontone,
921 4107 1079 4200 praefecto
1096 4105 1246 4190 equitum,
