2760 4874
221 381 263 448 96
571 390 754 450 CORNELII
767 390 899 448 TAOITI

1136 481 1243 520 mmm.

221 551 348 629 milites,
443 536 467 557 ”⁹
498 549 540 617 ad
556 572 683 613 manum
702 550 911 626 centurionem
934 546 1129 633 praesedisse
1146 569 1248 632 nuper

221 645 371 709 feminam
484 630 539 716 'tic
561 642 748 722 cohortium,
776 644 910 708 decursu
931 642 1099 727 legionum.
1128 641 1247 726 cogita-

118 748 129 771 *
221 748 290 802 rent
308 737 378 822 ipsi,
397 730 540 820 quotiens
553 736 794 820 repetundarum
812 737 908 818 aliqui
926 744 1137 821 arguerentur,
1156 735 1247 819 plura

222 831 371 896 uxoribus
398 829 561 907 obiectari3
592 829 641 893 his
660 830 773 898 statim
799 830 1023 894 adhaerescere
1047 828 1246 892 deterrimum

221 944 377 1009 quemque
398 923 647 1009 provincialium,
671 923 778 988 abhis
801 924 928 1009 negotia
946 921 1076 1006 suscipi,
1099 921 1229 1006 transigi
1236 945 1245 997 ;

222 1018 355 1083 duorum
381 1040 527 1103 egressus
550 1017 623 1094 coli,
651 1017 714 1081 duo
741 1040 810 1082 esse
835 1017 1003 1103 praetoria,
1031 1015 1245 1101 pervicacibus

222 1111 323 1198 magis
342 1121 373 1175 et
389 1111 600 1196 inpotentibus
619 1111 783 1176 mulierum
796 1112 901 1189 iussis,
919 1133 1000 1194 quae
1016 1108 1130 1194 Oppiis
1148 1131 1248 1193 quon-

223 1207 296 1271 dam
322 1206 452 1290 aliisque
477 1205 600 1291 legibus
628 1207 827 1283 constrictae,
854 1228 937 1270 nunc
963 1204 1074 1269 vinclis
1096 1202 1246 1268 exsolutis

222 1300 346 1378 domos,
364 1300 446 1377 fora,
464 1300 528 1364 iam
546 1309 577 1363 et
595 1301 748 1364 exercitus
766 1309 918 1385 regerent.

173 1409 206 1459 34
286 1392 465 1458 Paucorum
491 1393 569 1457 haec
594 1393 731 1457 adsensu
755 1394 874 1458 audita:
900 1390 1246 1479 plures-obturbabant,

222 1510 324 1572 neque
341 1487 473 1552 relatum
490 1488 529 1551 de
547 1488 674 1572 negotio
691 1509 793 1570 neque
808 1488 977 1553 Caecinam
995 1487 1125 1573 dignum
1143 1495 1254 1643 taut}

222 1583 268 1648 rei
285 1604 455 1647 censorem.
478 1603 552 1645 mox
568 1580 714 1646 Valerius
732 1581 941 1660 Messalinus,
961 1581 1011 1645 cui
1028 1602 1141 1665 parens
1158 1578 1215 1643 Me

224 1676 290 1741 sala
307 1676 466 1758 ineratque
479 1675 583 1760 imago
596 1684 743 1760 paternae
761 1676 939 1752 facundiae,
958 1675 1130 1760 respondit:
1148 1671 1249 1736 multa

222 1769 354 1834 duritiae
371 1780 512 1833 veterum
529 1771 562 1832 in
580 1769 690 1833 melius
709 1779 740 1833 et
757 1770 869 1835 laetius
882 1779 1015 1848 mutata;
1033 1790 1135 1852 neque
1153 1767 1246 1843 enim,

222 1871 259 1926 ut
275 1861 358 1938 olim,
377 1862 519 1926 adsidere
531 1861 641 1926 urbem
655 1862 744 1927 bellis
763 1873 817 1926 aut
828 1862 1005 1947 provincias
1022 1861 1144 1927 hostilis
1162 1872 1286 1938 ossea}

223 1966 256 2019 et
272 1977 373 2039 pauca
390 1953 575 2019 feminarum
593 1955 830 2021 necessitatibus
853 1956 995 2034 concedi,
1018 1977 1098 2040 quae
1115 1976 1156 2019 ne
1173 1976 1248 2018 con·
1314 2041 1316 2046 s
1370 2022 1376 2043 ξ

224 2049 334 2134 iugum
355 2048 481 2131 quidem
503 2059 645 2133 penates,
669 2049 747 2114 adeo
770 2049 872 2114 socios
893 2039 957 2114 non
979 2058 1121 2128 onerent;
1145 2057 1249 2113 cetera
1312 2045 1313 2048 '

224 2138 380 2228 promisca
397 2163 469 2206 cum
486 2142 610 2219 marito,
634 2165 692 2207 nec
709 2143 808 2207 ullum
825 2144 859 2207 in
876 2165 913 2208 eo
935 2145 1022 2228 pacis
1043 2142 1250 2227 impedimen·
1321 2216 1339 2223 ...
1364 2136 1380 2181 s‘

224 2247 300 2300 tum.
323 2234 406 2300 bella
422 2235 513 2319 plane
527 2236 673 2301 accinctis
688 2236 845 2316 obeunda3
864 2237 921 2301 sed
933 2237 1158 2302 revertentibus
1175 2243 1249 2320 post
1308 2300 1311 2304 .

224 2330 363 2396 laborem
384 2331 469 2413 quod
489 2330 651 2395 honestius
674 2353 770 2415 quam
795 2331 944 2396 uxorium
960 2331 1190 2397 levamentum?
1216 2339 1249 2394 at

224 2423 377 2506 quasdam
402 2423 436 2486 in
461 2423 663 2488 ambitionem
687 2433 742 2489 aut
764 2425 924 2489 avaritiam
950 2425 1127 2511 prolapsas:
1153 2423 1249 2507 quid?

224 2517 364 2601 ipsorum
385 2517 623 2602 magistratuum
644 2540 747 2582 nonne
765 2519 933 2603 plerosque
955 2519 1049 2583 variis
1066 2516 1248 2583 libidinibus

225 2610 397 2696 obnoxios?
418 2633 481 2674 non
503 2620 607 2674 tamen
625 2611 695 2677 ideo
717 2611 875 2675 neminem
897 2612 929 2675 in
946 2611 1140 2698 provinciam
1156 2610 1247 2674 mitti.

226 2713 386 2787 corruptos
410 2725 503 2787 saepe
524 2704 728 2788 pravitatibus
751 2727 884 2770 uxorum
906 2706 1047 2769 maritos:
1074 2727 1149 2769 num
1173 2726 1248 2790 ergo

227 2796 328 2860 omnis
346 2795 480 2860 caelibes
493 2797 650 2882 integros?
667 2798 822 2885 placuisse
841 2799 998 2882 quondam
1014 2796 1136 2883 Oppias
1150 2798 1247 2883 leges,

228 2889 274 2953 sic
295 2888 486 2973 temporibus
508 2889 553 2952 rei
574 2889 717 2974 publicae
738 2891 983 2975 postulantibus3
1005 2893 1171 2956 remissum
1193 2893 1250 2957 ali-

227 2980 303 3064 quid
315 2991 425 3064 postea
443 2991 473 3046 et
490 2983 674 3067 mitigatum,
693 2985 767 3067 quia
780 2985 958 3071 expedierit.
981 2986 1097 3049 frustra
1109 2994 1249 3050 nostram

227 3074 385 3160 ignaviam
403 3075 463 3139 alia
484 3076 525 3139 ad
542 3076 694 3141 vocabula
716 3079 889 3143 transferri:
912 3102 985 3142 nam
1002 3079 1061 3142 viri
1077 3079 1111 3142 in
1128 3078 1250 3143 eccul-

225 3192 314 3255 pam,
333 3169 360 3234 si
378 3170 494 3234 femina
510 3171 639 3235 modum
657 3173 796 3236 excedat.
822 3195 915 3258 porro
933 3171 973 3238 ob
991 3172 1084 3237 unius
1102 3182 1156 3236 aut
1173 3172 1250 3236 altc-

226 3264 290 3328 rius
304 3263 482 3328 inbecillum
496 3264 633 3328 animum
647 3266 728 3330 male
746 3267 823 3351 eripi
840 3267 958 3332 maritis
972 3267 1128 3332 consortia
1144 3288 1249 3331 rerum

153 3413 157 3418 .
227 3357 434 3426 secundarum
456 3359 728 3441 adversarumque.
760 3360 853 3424 simul
875 3383 986 3425 sexum
1007 3370 1118 3425 natura
1139 3361 1250 3425 invali-

227 3451 302 3514 dum
324 3450 425 3515 deseri
448 3460 479 3515 ct
500 3452 613 3537 exponi
636 3475 692 3516 suo
713 3452 803 3529 luxu,
830 3454 1027 3538 cupidinibus
1045 3454 1168 3531 alienis3
1194 3454 1250 3517 vix

227 3545 382 3628 praesenti
400 3545 541 3609 custodia
558 3568 683 3610 manere
704 3546 823 3610 inlaesa
844 3547 1001 3632 coniugia:
1024 3547 1100 3631 quid
1117 3547 1198 3625 fore,
1223 3547 1251 3615 si
1279 3546 1335 3623 325·

227 3637 404 3722 perplures
423 3661 521 3702 annos
539 3638 572 3701 in
589 3638 716 3702 modum
734 3639 856 3702 discidii
878 3639 1109 3704 oblitterentur?
1131 3641 1176 3704 sic
1194 3641 1250 3705 ob-
1285 3639 1289 3645 ’

227 3729 311 3793 viam
328 3730 408 3794 irent
424 3731 463 3795 iis
481 3753 561 3813 quae
580 3731 654 3795 alibi
670 3741 885 3816 peccarentur,
904 3743 939 3797 ut
956 3734 1145 3819 flagitiorum
1163 3734 1249 3798 urbis

228 3823 450 3887 meminissent.
482 3825 601 3888 addidit
622 3847 722 3909 pauca
743 3825 869 3890 Drusus
893 3827 932 3890 de
958 3827 1154 3891 matrimonio
1177 3848 1248 3892 suo:

229 3936 301 3979 nam
318 3916 509 4000 principibus
527 3918 671 3982 adeunda
688 3919 812 4003 saepius
830 3919 1001 4004 longinqua
1017 3920 1153 4004 imperii3
1172 3943 1251 4003 quo-

229 4008 308 4071 tiens
335 4009 442 4073 divum
467 4009 650 4096 Augustum
674 4013 708 4077 in
735 4012 940 4079 Occidentem
966 4024 1058 4098 atquc
1086 4012 1250 4079 Orientem

230 4101 383 4168 meavisse
397 4104 508 4169 comite
520 4104 629 4171 Livial
643 4128 682 4171 sc
700 4129 824 4191 quoque
840 4109 873 4172 in
885 4108 1046 4195 Illyricum
1062 4107 1248 4194 profectum,
