2760 4874
379 374 385 387 '
403 363 610 424 ANNALIUM
627 365 702 420 LIB.
717 365 784 420 XII.
799 368 918 422 65-69.
1106 355 1169 420 225

146 470 168 509 p.
179 457 219 498 cn.
230 458 262 497 54.

148 524 300 592 Claudius
319 532 349 588 et
367 523 439 588 dolo
456 522 613 588 intellecto
630 524 671 588 ad
688 546 825 588 amorem
843 523 898 588 filii
915 525 1042 589 rediret:
1059 525 1169 607 exqui-

147 621 242 685 situm
259 618 377 700 aliquid
394 617 550 701 placebat,
574 618 659 700 quod
680 616 818 681 turbaret
835 627 971 696 mentem
989 628 1020 682 et
1037 627 1168 684 mortem

146 714 292 780 differret.
316 712 463 797 deligitur
475 711 588 775 artifex
601 712 720 789 talium,
738 710 892 776 vocabulo
900 713 1050 788 Locusta,
1069 734 1168 795 nuper

145 807 287 872 veneficii
309 807 456 870 damnata
478 817 510 869 et
531 806 585 869 diu
605 805 686 870 inter
706 806 912 870 instrumenta
932 806 1022 891 regni
1046 804 1167 883 habita3

145 901 212 966 eius
231 899 368 963 mulieris
386 898 512 984 ingenio
529 908 673 982 paratum
686 898 782 976 virus,
801 899 889 964 cuius
903 899 1044 963 minister
1061 921 1079 962 e
1097 920 1168 983 spa-

144 994 279 1060 donibus
294 993 353 1056 fuit
366 992 513 1070 Halotus,
532 992 647 1058 inferre
659 993 768 1077 epulas
782 1003 813 1057 et
830 993 992 1078 explorare
1009 1002 1104 1078 gustu
1118 1015 1168 1057 so·

144 1089 233 1153 litus:
256 1088 397 1170 adeoque
415 1097 527 1150 cuncta
544 1108 618 1151 mox
634 1095 832 1171 pernotuere,
855 1096 891 1150 ut
908 1096 1082 1171 temporum
1100 1086 1168 1150 illo·
1187 1109 1218 1155 67

144 1204 215 1247 rum
233 1180 398 1264 scriptores
410 1180 604 1265 prodiderint
615 1179 756 1244 infusum
770 1179 945 1244 delectabili
958 1179 1037 1258 cibe,
1058 1180 1167 1257 boleto,

144 1297 313 1350 venenum,
333 1293 391 1334 nec
408 1273 472 1335 vim
490 1270 703 1334 medicaminis
722 1271 826 1335 statim
843 1272 1044 1349 intellectam,
1065 1295 1169 1337 socor-

144 1368 236 1432 diane
251 1365 376 1430 Claudii
394 1388 435 1428 an
453 1363 635 1441 vinolentia3
654 1364 746 1435 simul
760 1365 864 1429 soluta
880 1365 968 1429 alvus
984 1364 1167 1430 subvenisse

143 1459 317 1524 videbatur.
340 1458 436 1544 igitur
453 1457 599 1521 exterrita
612 1455 798 1542 Agrippina,
817 1468 848 1522 et
865 1458 990 1541 quando
1004 1459 1113 1523 ultima
1131 1460 1168 1523 ti-

144 1551 321 1629 mebantur,
346 1560 450 1636 spreta
467 1551 677 1634 praesentium
699 1551 829 1628 invidia,
851 1553 1010 1636 provisam
1026 1552 1090 1615 iam
1108 1552 1168 1617 sibi

143 1645 367 1731 Xenophontis
385 1645 499 1709 medici
517 1645 739 1709 conscientiam
756 1645 896 1711 adhibet:
918 1646 984 1724 ille,
1008 1655 1168 1728 tamquam

142 1741 232 1804 nisus
250 1739 422 1803 evomentis
440 1739 615 1816 adiuvaret,
638 1739 766 1822 pinnam
783 1740 892 1824 rapido
909 1760 1030 1805 veneno
1048 1740 1167 1804 inlitam

143 1832 287 1898 faucibus
302 1833 369 1899 eius
383 1833 547 1897 demisisse
561 1833 705 1909 creditur,
723 1833 809 1897 haud
821 1833 949 1918 ignarus
963 1855 1087 1898 summa
1100 1856 1167 1898 sce-

142 1927 209 1992 lera
224 1926 320 2011 incipi
338 1922 410 1990 cum
427 1926 579 2011 periculo,
597 1926 707 2012 peragi
725 1949 797 1991 cum
813 1926 963 2011 praemio.
1028 1961 1030 1965 ·

207 2019 389 2084 Vocabatur
414 2020 537 2084 interim
564 2030 690 2085 senatus
716 2031 851 2104 votaque
872 2043 930 2105 pro
954 2021 1166 2086 incolumitate
1185 2042 1217 2090 68

140 2113 290 2199 principis
306 2113 449 2178 consules
463 2122 494 2178 et
508 2115 685 2179 sacerdotes
695 2113 926 2199 nuncupabant,
941 2135 1013 2178 cum
1021 2114 1084 2177 iam
1094 2137 1167 2178 exa·

141 2207 235 2272 nimis
253 2207 393 2272 vestibus
412 2220 443 2272 et
460 2208 605 2274 fomentis
623 2209 834 2294 obtegeretur,
853 2209 929 2277 dum
945 2230 996 2275 res
1014 2207 1166 2272 firmando

141 2301 275 2366 Neronis
288 2302 418 2386 imperio
433 2313 669 2387 componuntur.
687 2303 750 2366 iam
763 2303 898 2387 primum
910 2299 1097 2387 Agrippina,
1112 2323 1166 2365 ve-

141 2395 190 2459 lut
206 2395 312 2459 dolore
325 2395 409 2459 victa
426 2406 457 2461 et
475 2396 585 2460 solatia
603 2396 799 2479 conquirens,
818 2405 922 2460 tenere
936 2395 1083 2479 amplexu
1095 2394 1167 2457 Bri-

141 2488 314 2564 tannicum,
336 2509 443 2552 veram
465 2490 586 2573 potami
604 2490 665 2553 oris
684 2489 822 2574 effigiem
844 2488 1000 2573 appellare
1018 2509 1055 2551 ac
1072 2488 1165 2551 variis

140 2581 260 2647 artibus
273 2582 436 2658 demorari,
455 2605 494 2647 ne
508 2581 651 2647 cubiculo
670 2583 868 2668 egrederetur
873 2607 882 2658 ;
899 2579 1072 2646 Antoniam
1088 2603 1167 2663 quo-

140 2696 203 2759 que
220 2685 251 2739 et
270 2672 450 2753 Octaviam,
474 2698 597 2741 sorores
615 2676 696 2753 eius,
716 2676 848 2752 attinuit,
867 2685 899 2740 et
916 2684 1043 2740 cunctos
1062 2675 1165 2741 aditus

141 2768 291 2832 custodiis
310 2769 476 2846 clauserat,
501 2769 673 2852 crebroque
694 2769 846 2855 vulgabat
870 2768 915 2834 ire
932 2769 965 2832 in
982 2768 1092 2832 melius
1113 2791 1166 2832 va-

139 2861 303 2926 litudinem
324 2862 487 2947 principis,
510 2885 573 2946 quo
595 2864 685 2928 miles
708 2862 790 2928 bona
812 2862 845 2926 in
866 2884 923 2948 spe
945 2871 1065 2949 ageret,
1088 2871 1166 2926 tem·

139 2976 262 3040 pusque
279 2977 464 3040 prosperum
482 2979 521 3020 ex
538 2957 664 3021 monitis
684 2955 915 3022 Chaldaeorum
932 2956 1121 3021 adventaret.

205 3049 296 3112 Tunc
313 3049 417 3113 medio
440 3049 515 3127 diei,
534 3051 659 3114 tertium
677 3061 748 3114 ante
766 3050 837 3115 idus
857 3048 1020 3126 Octobris,
1044 3047 1163 3112 foribus
1184 3067 1214 3115 oo

139 3141 247 3227 palatii
268 3152 396 3229 repente
418 3143 566 3221 diductis,
591 3145 757 3209 comitante
778 3144 881 3208 Burro
901 3143 985 3208 Nero
1008 3142 1166 3227 egreditur

140 3236 182 3300 ad
204 3236 361 3300 cohortem
383 3258 464 3320 quae
486 3261 572 3302 more
593 3238 721 3302 mihtiae
743 3237 882 3301 excubiis
905 3237 1007 3312 adest3
1033 3234 1077 3299 ibi
1099 3257 1166 3298 mo-

139 3337 233 3392 nente
246 3328 405 3411 praefecto
418 3330 507 3394 festis
520 3331 650 3392 vocibus
664 3340 813 3413 exceptus
826 3329 942 3391 inditur
953 3328 1081 3392 lecticae
1085 3351 1094 3405 3
1108 3327 1167 3390 du-

139 3419 289 3484 bitavisse
308 3421 461 3502 quosdam
483 3421 600 3498 ferunt,
622 3431 834 3506 respectantes
856 3421 1089 3507 rogitantesque
1109 3419 1165 3487 ubi

138 3511 338 3577 Britannicus
362 3522 459 3577 esset:
481 3537 556 3578 mox
577 3515 663 3579 nullo
685 3516 719 3579 in
732 3516 899 3581 'diversum
921 3523 1061 3593 auctore,
1082 3534 1165 3601 quae

139 3605 362 3684 offerebantur,
387 3608 485 3672 secuti
508 3617 593 3686 sunt,
616 3609 782 3692 illatusque
805 3609 914 3673 eastris
931 3608 1016 3673 Nero
1036 3614 1071 3681 et
1089 3626 1165 3673 con·

137 3700 283 3784 gruentia
306 3703 438 3786 tempori
459 3703 635 3787 praefatus,
657 3703 812 3788 promisso
834 3703 981 3767 donativo
999 3702 1040 3767 ad
1058 3723 1164 3766 exem·

136 3792 225 3879 plum
242 3803 389 3878 paternae
407 3795 593 3882 largitionis,
612 3797 779 3881 imperator
797 3796 1016 3861 consalutatur.
1041 3803 1165 3859 senten-

138 3886 215 3950 tiam
232 3888 365 3953 militum
388 3900 496 3954 secuta
518 3901 642 3975 patrum
664 3892 819 3968 consulta,
841 3911 900 3954 nec
922 3888 1098 3953 dubitatum
1116 3896 1164 3952 est

137 3980 224 4064 apud
240 3983 426 4065 provincias.
454 3984 667 4067 caelestesque
684 3985 816 4050 honores
837 3983 970 4049 Claudio
992 3984 1163 4048 decemun·

117 4083 189 4141 ,tur
210 4083 242 4136 et
263 4075 381 4141 funeris
401 4077 551 4143 sollemne
567 4078 697 4165 perinde
713 4100 752 4144 aa
768 4079 842 4155 divo
858 4076 1009 4165 Augusto
1026 4075 1163 4143 celebra·
1226 4164 1230 4169 Ι

192 4189 263 4235 Taciti
272 4193 312 4235 vot.
322 4191 339 4236 1.
1188 4198 1192 4203 “
