2760 4874
121 391 182 457 108
469 400 652 456 CORNELII
666 397 797 454 TAClTI
863 414 868 434 ‘¹

1035 499 1047 528 a
1065 501 1078 529 u
1097 493 1131 530 r:

120 564 159 627 tis
178 560 368 637 nitebantur,
391 581 523 643 quorum
541 557 592 622 ille
610 556 784 634 Antiocho,
807 556 857 620 hic
875 547 1057 621 Mithridate
1074 558 1144 643 pul-

120 656 163 721 sis
177 655 271 719 fidem
285 664 378 736 atque
392 653 537 716 virtutem
550 651 736 736 Magnetum
751 652 946 728 decoravere,
960 651 1007 715 uti
1019 652 1143 716 Dianae

118 748 368 833 Leucophrynae
381 746 560 831 perfugium
572 745 751 810 inviolabile
769 746 859 809 foret.
878 743 1143 830 Aphrodisienses

119 843 251 929 posthae
272 852 304 906 et
327 840 575 908 Stratonicenses
602 840 761 927 dictatoris
785 838 930 924 Caesaris
954 840 994 905 ob
1021 850 1145 906 vetusta

119 939 151 1022 in
169 937 265 1022 partis
279 935 390 1000 merita
452 955 563 1001 recens
582 934 646 997 divi
659 932 801 1019 Augusti
817 934 977 998 decretum
995 934 1143 1011 adlidere,

119 1031 236 1097 laudati
257 1028 387 1112 quodP
458 1048 547 1092 orum
569 1027 778 1111 inruptionem
799 1027 876 1091 nihil
898 1032 1018 1092 mutata
1038 1027 1073 1091 in
1088 1050 1144 1112 po-

120 1125 229 1210 pulum
254 1124 433 1188 Romanum
459 1121 632 1186 constantia
657 1121 871 1206 pertulissent:
904 1122 960 1185 sed
986 1121 1145 1206 Aphrodi-

121 1219 270 1285 siensium
287 1218 396 1282 civitas
410 1215 553 1292 Veneris,
574 1214 853 1280 Stratonicensium
866 1214 952 1281 Iovis
971 1225 1002 1280 et
1020 1216 1144 1280 Triviae

119 1313 302 1399 religionem
319 1309 494 1375 tuebantur.
522 1309 614 1374 altius
633 1309 944 1374 Hierocaesarienses
962 1332 1143 1395 exposuere,

119 1406 280 1470 Persicam
298 1404 382 1489 apud
400 1426 434 1468 se
447 1403 594 1479 Dianam,
614 1401 779 1466 delubrum
796 1425 870 1490 rege
889 1402 975 1488 Cyro
993 1404 1144 1479 dicatum:

87 1511 93 1519 “
120 1509 151 1565 et
172 1499 422 1564 memorabantur
443 1497 640 1582 Perpennae,
667 1497 799 1563 Isaurici
825 1499 984 1582 multaque
1006 1500 1067 1564 alia
1087 1500 1145 1563 im-

120 1603 298 1679 peratorum
315 1592 454 1668 nomina,
474 1591 608 1673 quinon
625 1591 719 1656 modo
737 1592 854 1676 templo
873 1593 929 1656 sed
946 1593 1069 1659 duobus
1087 1594 1145 1656 mi-

120 1686 203 1755 libus
217 1706 368 1772 passuum
382 1686 514 1750 eandem
528 1686 723 1750 sanctitatem
736 1685 917 1750 tribuerant.
937 1687 1020 1752 exim
1035 1685 1143 1773 Cyprii

121 1779 220 1844 tribus
247 1778 399 1856 delubris3
430 1796 563 1861 quorum
588 1779 837 1843 vetustissimum
862 1779 1002 1865 Paphiae
1029 1780 1145 1846 Veneri

120 1884 228 1938 auctor
245 1871 373 1950 Aerias,
395 1882 468 1958 post
479 1872 571 1936 'filius
595 1873 662 1937 eius
679 1872 838 1938 Amathus
856 1873 973 1939 Veneri
990 1872 1145 1941 Amathu-

121 1969 200 2046 siae,
219 1978 250 2033 et
267 1968 337 2033 Iovi
357 1966 528 2034 Salaminio
547 1967 678 2047 Teucer,
698 1968 879 2035 Telamonis
896 1970 993 2055 patris
1011 1970 1058 2035 ira
1074 1993 1145 2056 pro-

121 2063 231 2148 fugus,
245 2062 438 2147 posuissent.

79 2176 103 2224 33
184 2155 322 2222 Auditae
340 2158 471 2224 aliarum
483 2180 608 2242 quoque
622 2158 794 2224 civitatium
806 2158 991 2246 legationes:
1012 2181 1143 2242 quorum

121 2251 211 2336 copia
231 2252 309 2318 fessi
329 2262 448 2338 patres,
471 2263 502 2318 et
523 2255 598 2337 quia
616 2255 726 2320 studiis
750 2256 938 2333 certabatur,
962 2253 1144 2319 consulibus

114 2346 288 2430 xpermisere
309 2357 345 2410 ut
364 2357 529 2432 perspecto
550 2347 630 2425 iure,
654 2360 685 2412 et
708 2348 735 2415 si
757 2346 820 2432 qu'a
840 2349 985 2432 iniquitas
1007 2348 1147 2412 involve-

121 2448 217 2516 retur,
236 2461 303 2504 rem
320 2440 474 2526 integram
490 2464 615 2506 rursum
633 2443 673 2506 ad
691 2452 835 2507 senatum
851 2443 1146 2508 referrenticonsu-

120 2532 166 2597 les
190 2556 284 2619 super
305 2557 359 2599 eas
382 2535 623 2618 civitatesquas
645 2537 835 2633 memorav‘g
853 2537 938 2622 apud
955 2536 1146 2622 Pergamum
1266 2533 1268 2536 ’

121 2628 304 2714 Aesculapii
322 2640 505 2714 conpertum
523 2631 646 2715 asylum
663 2631 848 2695 retulerunt:
862 2643 986 2710 {eeteros
1005 2630 1151 2696 obscuris·

122 2721 163 2786 ob
176 2732 362 2787 vetustatem
377 2724 472 2789 initiis
490 2725 561 2800 niti3
579 2749 653 2788 rram
667 2724 860 2810 Zmyrnaeos
875 2725 1035 2790 oraculum
1047 2723 1148 2809 Apol·

122 2814 208 2891 linis,
241 2816 328 2880 cuius
359 2816 489 2901 imperio
517 2815 719 2882 Stratonicidi
745 2817 862 2884 Veneri
887 2819 1038 2903 templum
1063 2812 1148 2881 dica-

123 2908 237 2985 verint,
265 2908 382 2974 Tenios
401 2907 542 2975 eiusdem
564 2912 836 2988 carmenreferre,
865 2934 929 2996 quo
947 2933 1073 2976 sacrare
1085 2911 1148 2975 Nc-

123 3001 212 3086 ptuni
239 3001 377 3087 effigiem
403 3004 574 3086 aedemque
591 3004 670 3068 iussi
696 3005 772 3083 sint:
798 3006 944 3090 propiora
963 3003 1147 3071 Sardianos:

123 3092 296 3164 Alexandri
309 3097 434 3162 victoris
453 3097 485 3160 id
503 3098 634 3175 donum;
651 3120 754 3181 neque
767 3100 869 3163 minus
884 3099 1027 3164 Milesios
1040 3099 1148 3162 Dareo

123 3211 197 3275 rege
214 3190 280 3267 niti,
299 3190 355 3255 sed
369 3191 470 3256 cultus
488 3192 649 3257 numinum
669 3193 808 3275 utrisque
822 3193 959 3258 Dianam
978 3203 1031 3259 aut
1048 3192 1149 3278 Apol-

123 3283 218 3355 linem
240 3286 421 3360 venerandi;
445 3296 551 3371 petere
573 3297 605 3350 et
623 3286 791 3352 Cretenses
815 3288 980 3353 simulacro
998 3288 1063 3355 divi
1079 3287 1149 3353 Au-

123 3378 221 3464 gusti:
244 3378 389 3462 factaque
412 3389 538 3445 senatus
558 3381 713 3456 consulta,
737 3382 807 3464 quis
826 3382 925 3453 multo
942 3404 1014 3446 cum
1031 3383 1148 3446 honore

124 3472 236 3537 modus
263 3482 369 3539 tamen
392 3473 675 3558 praescribebatur,
701 3474 842 3559 iussique
867 3475 944 3560 ipsis
970 3476 1003 3540 in
1025 3475 1148 3560 templis

125 3566 221 3652 figere
240 3590 321 3644 aera,
341 3569 523 3632 sacrandam
541 3568 582 3632 ad
599 3569 780 3633 memoriam
793 3591 856 3633 neu
874 3569 977 3655 specie
990 3569 1148 3655 religionis

124 3660 158 3724 irr
175 3660 376 3726 ambitionem
394 3659 620 3727 delaberentur.
759 3666 764 3675 '

79 3771 109 3820 64
192 3752 260 3820 Sub
282 3755 366 3819 idem
389 3766 511 3841 tempus
529 3756 630 3821 Iuliae
647 3756 814 3843 Augustae
832 3759 971 3823 valitudo
990 3767 1079 3823 atrox
1096 3781 1150 3822 ne-

126 3849 346 3914 cessitudinem
363 3850 495 3935 principi
513 3850 586 3915 fecit
603 3850 741 3916 festinati
758 3852 791 3918 in
807 3852 918 3917 urbem
935 3852 1067 3928 reditus,
1087 3852 1150 3916 sin-

126 3963 197 4005 cera
214 3943 316 4006 adhuc
333 3943 413 4008 inter
430 3954 561 4009 matrem
574 3945 733 4029 filiumque
751 3947 917 4011 concordia
935 3947 1001 4011 sive
1020 3945 1148 4010 occultis

126 4035 215 4100 odiis.
242 4039 448 4119 nequeenim
470 4040 567 4105 multo
589 4049 674 4116 ante,
698 4062 769 4105 cum
792 4042 877 4106 haud
897 4041 1006 4127 procul
1029 4040 1149 4105 theatro

126 4127 269 4194 Marcelli
282 4131 419 4217 effigiem
432 4133 505 4200 divo
513 4133 662 4220 Augusto
670 4135 752 4200 lulia
761 4137 886 4215 dicaret,
902 4135 1022 4201 Tiberii
1034 4154 1149 4200 nemen
