2760 4874
389 306 687 405 auvamuuma.
702 349 782 406 xiv.
800 290 938 404 aaa*
1100 340 1163 405 275
1267 365 1268 368 κ

142 451 163 489 p.
175 438 214 480 Ch.
225 440 257 478 61.
268 436 300 478 tt.
718 484 719 488 Ἰ

141 507 216 590 quid
234 507 299 572 fato
311 514 477 596 pateretur,
495 505 688 590 responderit
701 504 816 570 habere
831 506 1006 572 subsidium
1023 531 1089 573 rem
1107 533 1165 595 pu-

142 600 268 677 blicam,
291 598 474 685 rogantibus
493 598 620 676 dehinc,
642 599 754 682 inquo
776 600 989 685 potissimum,
1012 603 1166 669 addiderit

140 694 173 758 in
185 694 339 758 Memmio
353 693 486 779 Regulo.
510 693 588 757 vixit
601 703 706 758 tamen
718 694 881 779 posthaec
894 693 1047 781 Regulus,
1062 697 1164 780 quiete

140 788 289 853 defensus
308 787 429 870 et-quia
446 810 528 852 nova
540 787 664 874 generis
683 787 865 854 claritudine
883 811 984 872 neque
1002 790 1164 855 invidiosis

141 881 252 965 opibus
262 891 336 946 erat.
361 879 571 965 Gymnasium
579 904 618 946 eo
627 904 709 946 anno
719 881 1067 966 dedicatumaNerone,
1076 906 1165 969 prae-

139 974 301 1058 bitumque
319 975 422 1039 oleum
441 975 590 1057 equitiae
609 975 729 1040 senatui
749 972 873 1040 Graeca
890 976 1048 1041 facilitate.

202 1068 241 1132 P.
250 1068 369 1145 Macra,
384 1069 426 1132 L.
436 1067 546 1133 Asmro
561 1067 741 1133 consulibus
750 1068 909 1134 Antistius
922 1079 1055 1155 praetor,
1070 1092 1163 1154 quem
1182 1093 1215 1140 48

138 1162 172 1224 in
188 1162 346 1226 tribunatu
358 1160 459 1246 plebis
475 1161 604 1226 licenter
621 1162 724 1248 egisse
743 1164 923 1240 memoravi,
941 1163 1165 1250 probrosaad-

138 1277 249 1320 versus
257 1255 429 1341 principem
444 1255 582 1322 carmina
590 1255 742 1319 factitavit
755 1255 958 1342 vulgavitque
968 1256 1081 1322 celebri
1092 1280 1165 1321 con·

138 1349 235 1426 vivio,
264 1350 341 1412 dum
367 1350 452 1434 apud
475 1346 832 1434 OstoriumScapulam
855 1351 1007 1435 epulatur.
1038 1351 1122 1415 exim
1145 1377 1165 1416 a

139 1441 328 1507 Cossutiano
348 1441 516 1527 Capitone,
540 1442 594 1526 qui
611 1465 712 1528 nuper
730 1444 918 1511 senatorium
936 1445 1077 1509 ordinem
1094 1468 1164 1530 pre-

138 1535 226 1601 cibus
249 1536 411 1622 Tigellini,
436 1537 620 1614 socerisui,
648 1547 821 1622 receperat,
848 1539 1019 1604 maiestatis
1042 1539 1162 1603 delatus

138 1640 199 1694 est:
217 1639 284 1693 tum
296 1630 432 1715 primum
449 1641 594 1696 revocata
611 1653 649 1700 ea
666 1631 726 1709 lex,
746 1631 989 1716 credebaturque
1007 1633 1092 1696 haud
1109 1656 1164 1718 pe-

137 1723 224 1789 rinde
243 1724 372 1788 exitium
385 1722 524 1790 Antistio
543 1746 638 1808 quam
651 1724 830 1810 imperatori
844 1726 976 1812 gloriam
994 1727 1110 1810 quaeri,
1129 1737 1185 1790 ut.

137 1818 360 1883 condemnatus
383 1842 402 1883 a
420 1829 530 1883 senatu
551 1819 774 1899 intercessione
797 1819 962 1884 tribunicia
983 1821 1075 1885 morti
1098 1821 1164 1884 exi-

138 1922 281 1976 meretur.
309 1921 339 1975 et
361 1934 433 1975 cum
457 1910 604 1982 Ostorius
626 1912 704 1975 nihil
727 1912 885 1977 audivisse
907 1936 963 1997 pro
985 1914 1163 1977 testimonio

137 2006 277 2082 dixisset,
291 2005 431 2069 adversis
446 2005 578 2070 testibus
594 1998 755 2082 creditum,
770 2007 952 2089 censuitque
965 2006 1077 2075 Iunius
1091 2005 1163 2071 Ma-

137 2101 250 2177 rullus,
273 2099 384 2164 consul
402 2099 599 2185 designatus,
623 2100 822 2164 adimendam
839 2122 893 2165 reo
915 2110 1091 2185 praeturam
1109 2124 1163 2165 ne-

137 2195 334 2276 candumque
348 2192 610 2270 moremaiorum3
623 2193 735 2257 ceteris
744 2193 817 2258 inde
828 2192 1070 2258 assentientibus
1080 2192 1162 2257 Pac-

137 2297 188 2351 tus
207 2286 349 2351 Thrasea
370 2286 468 2351 multo
491 2308 564 2350 cum
586 2286 704 2350 honore
724 2284 870 2350 Caesaris
893 2296 925 2350 et
946 2287 1094 2351 acerrime
1115 2287 1163 2351 in-

138 2380 254 2464 crepito
267 2379 416 2456 Antistio,
435 2402 498 2443 non
511 2378 664 2463 quidquid
676 2401 792 2443 nocens
810 2384 883 2443 reus
899 2379 966 2465 pati
982 2389 1161 2456 mereretur,

137 2474 170 2537 id
188 2474 314 2559 egregio
333 2472 392 2538 sub
404 2472 544 2557 principe
561 2482 593 2536 et
609 2472 695 2536 nulla
708 2473 893 2537 necessitate
907 2471 1054 2537 obstricto
1073 2496 1163 2538 sena

137 2567 183 2632 tui
205 2567 404 2631 statuendum
426 2566 587 2643 disseruit;
614 2566 792 2630 camificem
815 2576 847 2630 et
870 2566 1016 2650 laqueum
1041 2569 1162 2653 pridem

137 2661 266 2738 abolita,
292 2671 324 2724 et
346 2683 415 2725 esse
437 2681 555 2746 poenas
581 2660 705 2746 legibus
732 2659 930 2738 constitutas,
958 2661 1072 2744 quibus
1094 2661 1162 2726 sine

136 2756 275 2820 iudicum
298 2756 428 2820 saevitia
450 2765 479 2820 et
497 2765 672 2840 temporum
693 2754 824 2818 infamia
847 2755 999 2840 supplicia
1016 2757 1163 2821 decerne·

136 2861 254 2915 rentur:
273 2851 348 2934 quia
366 2851 399 2914 in
416 2850 532 2927 insula,
555 2849 722 2935 publicatis
740 2850 928 2934 bonis,·quo
946 2851 1071 2938 longius
1089 2874 1162 2917 son-

137 2955 199 3009 tem
221 2946 317 3009 vitam
339 2945 498 3022 traxisset,
512 2966 563 3009 ,eo
584 2944 729 3029 privatim
755 2945 942 3010 miseriorem
965 2955 996 3009 et
1018 2944 1161 3029 publicae

137 3039 318 3104 clementiae
336 3039 507 3103 maximum
526 3038 705 3122 exemplum
722 3038 874 3103 futurum.

200 3130 347 3195 Libertas
364 3132 529 3195 ¹Thraseae
557 3131 717 3194 servitium
744 3131 876 3194 aliorum
897 3131 994 3213 rupit,
1023 3139 1053 3193 et
1075 3140 1161 3215 post·
1179 3149 1211 3196 te

135 3247 231 3306 quam
249 3223 472 3287 discessionem
491 3223 600 3287 consul
617 3223 813 3307 permiserat,
836 3220 970 3306 pedibus
987 3221 1021 3285 in
1039 3233 1162 3286 senten-

136 3318 212 3381 tiam
226 3316 292 3381 eius
305 3315 378 3391 iere,
396 3316 506 3400 paucis
520 3315 670 3398 exceptis3
680 3314 722 3377 'in
736 3313 850 3397 quibus
868 3314 1045 3378 adulatione
1055 3335 1162 3398 prom-

136 3410 299 3496 ptissimus
322 3409 382 3472 fuit
398 3407 440 3472 A.
460 3407 620 3484 Vitellius,
648 3406 800 3492 optimum
824 3429 979 3491 quemque
997 3408 1099 3493 iurgio
1116 3408 1161 3472 la-

136 3527 264 3569 cessens
283 3513 314 3568 et
330 3502 530 3589 respondenti
546 3501 695 3579 reticens,
718 3511 754 3565 ut
769 3501 885 3587 pavida
906 3501 1033 3587 ingenia
1051 3501 1159 3566 solent.

137 3609 167 3663 at
186 3599 329 3663 consules
352 3596 500 3682 perficere
518 3596 677 3681 decretum
696 3605 826 3660 senatus
844 3617 908 3667 non
925 3595 1008 3671 ausi,
1031 3596 1070 3659 de
1088 3617 1161 3658 con-

137 3715 232 3758 sensu
255 3693 406 3777 scripsere
426 3688 570 3768 Caesari;
592 3689 644 3753 ille
662 3689 742 3754 inter
762 3689 915 3775 pudorem
937 3699 968 3753 et
984 3689 1063 3752 iram
1085 3711 1161 3752 cun-

136 3795 246 3863 ctatus,
265 3794 423 3871 postremo
440 3784 611 3869 rescripsit:
630 3784 716 3848 nulla
728 3784 841 3848 iniuria
852 3793 1055 3869 provocatum
1068 3781 1160 3846 Anti-

137 3881 231 3945 stium
240 3880 442 3966 gravissimas
456 3881 490 3944 in
501 3881 674 3966 principem
688 3881 891 3946 contumelias
905 3881 1037 3959 dixisse3
1051 3903 1159 3945 earum
1236 3895 1242 3910 ¹
1269 3878 1273 3886 ’

139 3974 285 4038 ultionem
303 3999 322 4038 a
339 3972 478 4058 patribus
491 3974 690 4059 postulatam,
709 3984 740 4039 et
756 3998 813 4060 pro
827 3974 1041 4060 magnitudine
1055 3974 1159 4040 delicti

136 4091 269 4154 poenam
288 4069 381 4134 statui
398 4088 455 4155 par
467 4069 576 4153 fuisse.
600 4080 738 4134 ceterum
756 4093 800 4147 se,
819 4070 873 4154 qui
891 4071 1087 4138 severitatem
1104 4069 1158 4135 de-
1176 4091 1179 4097 ’
1219 4112 1240 4154 ·.

928 4170 988 4236 18*
