2760 4874
290 377 496 435 ANNALIUM
515 377 588 432 nm.
603 379 652 436 vr.
671 379 790 434 aer-sa
805 379 946 453 (rr-so.)
1069 370 1129 435 179

104 481 125 518 ῃ.
137 468 178 508 cn.
189 469 222 506 aa

103 548 180 612 tum,
200 535 328 599 meliora
343 536 572 619 capessiturum
589 533 742 600 Macrone
759 536 856 601 duce?
868 530 928 620 'qui
946 548 980 602 ut
997 539 1131 604 deterior

103 631 145 694 ad
163 622 400 714 opprimendum
420 627 570 693 Seianum
583 631 726 694 delectus
749 630 839 715 plura
856 653 912 714 per
929 632 1048 697 scelera
1064 656 1129 697 rem

105 724 265 809 publicam
284 723 538 800 conflictavisset3
561 734 760 808 prospectare
778 723 841 788 iam
860 747 893 789 se
912 722 1013 790 acrius
1034 729 1131 803 servi·

104 820 196 895 tium,
221 839 320 900 coque
338 817 448 902 fugero
460 818 564 880 'simul
586 828 656 882 acta
673 828 704 882 et
720 811 877 883 instantia..
904 819 983 884 haec
1000 822 1080 886 vatis
1098 823 1131 885 in

102 914 232 980 modum
246 912 390 976 dictitans
405 931 500 975 venas
514 912 654 976 resolvit:
670 909 856 976 documento
871 915 1033 994 sequentia
1042 924 1131 985 erunt

104 1007 184 1070 bene
198 1005 383 1069 Arruntium
397 1014 495 1069 morte
509 1028 610 1069 usum.
633 1005 793 1070 Albucilla
809 1007 901 1070 inrito
915 1007 982 1071 ictu
996 1032 1015 1072 a
1033 1020 1131 1074 semet

104 1101 266 1165 vulnerata
279 1101 368 1164 iussu
382 1109 508 1164 senatus
523 1100 556 1163 in
569 1122 724 1165 carcerem
738 1099 848 1178 fertum
867 1111 1045 1186 stuprorum'
1064 1104 1130 1167 cius

104 1194 251 1271 ministri,
277 1188 439 1259 Carsidius
460 1191 614 1258 Sacerdos
631 1195 805 1279 praetorius
823 1195 908 1259 utin
924 1189 1060 1260 insulam
1077 1198 1131 1261 de-

103 1298 295 1373 portaretur,
314 1287 447 1354 Pontius
474 1288 679 1374 Fregellanus
702 1289 857 1354 amitteret
879 1289 1019 1354 ordinem
1042 1313 1132 1355 sena-

104 1383 232 1458 torium,
256 1391 287 1445 et
305 1382 432 1445 eaedem
450 1404 570 1466 poenae
592 1382 624 1444 in
641 1382 787 1445 Laelium
805 1380 941 1447 Balbum
960 1383 1131 1447 decernun-

105 1486 164 1552 tur,
182 1477 216 1540 id
233 1476 359 1558 quidem
377 1499 395 1538 a
413 1475 610 1553 laetantibus,
629 1477 703 1558 quia
714 1475 840 1556 Balbus
859 1476 938 1540 truci
956 1476 1131 1559 eloquentia

99 1568 290 1646 habebatur,
308 1578 471 1653 promptus
490 1569 657 1632 adversum
674 1569 824 1634 insontes.
1012 1566 1017 1572 ’
1072 1590 1074 1594 ’

156 1661 275 1729 .Isdem
293 1660 403 1726 diebus
423 1659 498 1729 Sex.
516 1661 678 1746 Papinius,
698 1662 854 1727 consulari
872 1662 999 1740 familia,
1018 1685 1129 1748 repen-

104 1757 205 1820 tinum
223 1765 254 1820 et
271 1755 436 1820 informem
455 1757 572 1821 exitum
591 1757 720 1842 delegit,
742 1757 828 1821 iacto
844 1757 876 1820 in
893 1779 1043 1842 praeceps
1062 1779 1130 1822 eor-

105 1872 191 1935 pore.
215 1872 310 1914 causa
323 1851 363 1914 ad
376 1859 507 1914 matrem
520 1850 721 1928 referebatur,
740 1873 820 1933 quae
835 1852 956 1936 pridem
969 1852 1131 1937 repudiata

104 1944 371 2008 adsentationibus
386 1953 479 2027 atquo
493 1944 569 2008 luxu
581 1945 770 2029 perpulisset
783 1945 927 2008 iuvenem
945 1946 986 2009 ad
1003 1966 1040 2010 ea
1053 1968 1131 2028 quo·

103 2061 174 2101 rum
192 2038 343 2123 effugium
361 2061 423 2102 non
440 2039 501 2106 nisi
517 2050 617 2103 morte
635 2039 800 2116 inveniret3
816 2039 918 2124 ,igitur
935 2049 1081 2116 accusata
1092 2040 1130 2114 ,in

105 2141 226 2210 senatu,
245 2153 435 2215 quamquam
453 2148 556 2218 genua
573 2143 697 2218 patrum
715 2133 932 2206 advolveretur
949 2133 1130 2215 luctumque

104 2232 301 2290 communem
316 2236 355 2289 ‘et
376 2224 483 2312 magis
499 2226 681 2292 inbecillum
705 2224 760 2292 tali
782 2249 880 2311 super·
898 2249 974 2290 casu
999 2226 1130 2290 femina-

104 2342 174 2382 rum
192 2320 330 2386 animum
348 2319 469 2403 aliaque
488 2321 520 2383 in
538 2322 672 2384 eundem
691 2320 829 2386 dolorem
851 2329 972 2384 maesta
989 2329 1020 2384 ct
1038 2321 1130 2384 mise·
1203 2373 1204 2376 ,

104 2414 203 2477 rauda
220 2413 409 2490 ‚diu-ferret,
438 2413 514 2478 urbe
537 2415 695 2478 tamenin
718 2415 827 2478 decem
853 2436 951 2478 annos
973 2413 1130 2499 prohibita

104 2517 167 2583 est,
186 2507 285 2571 donec
302 2508 402 2592 minor
420 2508 501 2572 filius
520 2508 673 2573 lubricum
691 2509 834 2573 iuventae
852 2509 959 2572 exiret.

168 2601 237 2664 Iam
256 2601 416 2674 Tiberium
435 2624 558 2687 corpus,
576 2603 639 2685 iam
657 2603 748 2680 vires,
767 2603 906 2667 noudum
924 2600 1129 2666 dissimulatio

105 2688 282 2759 deserebat:
300 2695 388 2758 idem
411 2696 514 2759 animi
527 2696 626 2781 rigon
650 2719 793 2761 sermone
815 2719 852 2760 ao
870 2696 959 2760 vultu
979 2696 1128 2773 intentuS,

105 2788 247 2871 quaesita
264 2788 419 2858 interdum
438 2789 582 2854 comitate
605 2791 748 2873 quamvis
766 2789 967 2862 manifestam
983 2790 1132 2855 desectio-

105 2905 178 2946 nem
196 2882 334 2974 tegebat,
357 2885 546 2967 mutatisque
569 2886 693 2970 saepius
711 2886 788 2950 locis
811 2886 937 2949 tandem
956 2885 1044 2970 apud
1060 2879 1131 2970 pro-

1072 1632 1180 1697 “aa

1143 1715 1185 1762 (49)

1164 1835 1167 1847 l

1148 2593 1180 2638 56

1143 2654 1185 2703 (⁵⁰)

105 2977 294 3040 montorium
307 2976 425 3042 Miseni
439 2974 580 3045 consedit
593 2979 625 3042 in
639 2980 725 3056 villa,
745 2981 794 3044 cui
808 2981 849 3045 L.
864 2980 1018 3044 Lucullus
1033 3001 1132 3062 quon·
1158 3012 1161 3017 ·

106 3070 179 3133 dam
192 3070 347 3135 dominus.
369 3072 433 3135 illic
446 3095 517 3136 eum
531 3073 779 3158 adpropinquare
795 3074 952 3157 supremis
966 3073 1020 3136 tali
1036 3074 1131 3137 modo

106 3174 313 3248 compertum:
333 3175 398 3230 erat
415 3167 555 3239 medicus
574 3176 640 3231 arte
656 3167 800 3251 insignis,
819 3167 944 3230 nomino
958 3165 1130 3241 Charicles,

106 3279 170 3320 non
192 3258 317 3340 quidem
339 3282 450 3345 regere
473 3260 659 3324 valitudines
686 3260 835 3344 principis
859 3259 982 3335 solitus,
1011 3253 1133 3322 consilii

108 3360 213 3414 tamen
240 3353 361 3436 copiam
383 3352 547 3437 praebere3
574 3354 601 3417 is
624 3353 709 3417 velut
729 3353 855 3437 propria
877 3350 916 3415 ad
939 3352 1065 3437 negotia
1086 3351 1137 3423 di-¹

106 3446 252 3529 grediens
271 3456 302 3511 et
318 3470 374 3532 per
392 3449 528 3533 speciem
546 3448 642 3512 officii
660 3470 787 3511 manum
806 3446 987 3530 complemus
1005 3444 1132 3530 pulsum

93 3559 258 3604 -venarum
267 3543 398 3627 *attigit3
425 3565 526 3625 neque
549 3542 673 3606 fefellit:
700 3564 773 3604 nam
792 3540 952 3617 Tiberius,
979 3540 1132 3603 incertum

107 3657 148 3696 an
167 3635 305 3698 offensus
324 3645 472 3718 tantoque
486 3637 587 3721 magis
601 3637 679 3699 iram
697 3657 853 3720 premens,
872 3633 1038 3697 instaurari
1057 3655 1133 3717 epu-

106 3726 154 3790 las
172 3727 258 3791 iubet
276 3729 504 3812 discumbitque
522 3730 603 3793 ultra
621 3723 760 3805 solitum,
780 3728 870 3810 quasi
887 3727 997 3791 honori
1015 3726 1133 3791 abeun-

107 3820 147 3883 tis
167 3822 258 3884 amici
273 3822 433 3886 tribueret:
454 3822 614 3887 Charicles
630 3832 734 3886 tamen
747 3821 810 3886 labi
825 3821 966 3905 spiritum
981 3842 1038 3884 nec
1052 3819 1133 3882 ultra

107 3913 238 3977 biduum
261 3915 442 3979 duraturum
464 3915 608 3981 Macroni
630 3916 772 3980 firmavit.
799 3915 1007 3978 inde-cuncta
1029 3913 1133 3977 conlo-

107 4007 189 4090 quiis
215 4008 295 4072 inter
320 4005 513 4094 praesentes,
541 4011 657 4073 nuntiis
681 4010 765 4093 apud
782 4008 902 4093 legatos
925 4018 956 4071 et
978 4008 1132 4071 exercitus

106 4103 345 4170 festinabantur.
374 4107 538 4190 septimum
562 4106 716 4170 decimum
739 4105 800 4169 kal.
824 4103 943 4189 Aprilis
957 4105 1133 4171 interclusa

903 4211 963 4270 12*
