2760 4874
231 384 273 449 98
334 366 344 389 *
577 389 761 447 coausnu
775 387 904 443 rncrrr

416 500 435 541 -:¹‚
1144 487 1156 516 a
1174 489 1188 516 u
1207 481 1252 518 774.

230 512 555 641 Anchariush'ssrs
571 546 720 612 Caesium
739 545 888 623 Cordum,
907 545 1109 639 proconsule
1128 543 1252 622 Cretae,

229 638 442 734 postulavera
455 642 644 733 Jepetundis
671 641 777 707 addito
802 640 973 705 maiestatis
1000 640 1141 716 crimine,
1168 641 1254 724 quod

123 752 127 757 '
229 751 296 806 tum
322 739 462 809 omnium
486 736 719 804 accusationum
742 735 1005 820 complementum
1027 743 1101 798 erat.
1134 732 1254 799 Caesar

229 834 404 901 Antistium
421 831 569 898 Veterem
591 853 608 894 e
629 829 817 915 primoribus
834 829 1056 907 Macedoniae,
1074 828 1253 894 absolutum
1336 852 1339 857 ’

229 926 382 1005 adulterii,
400 925 559 1011 increpitis
577 924 732 991 iudicibus
750 925 791 988 ad
809 925 972 989 dicendam
990 923 1162 989 maiestatis
1180 945 1254 988 cau-

230 1004 298 1089 sarh
319 1021 447 1086 retraxit
469 1029 504 1086 ut
525 1018 685 1085 turbidum
702 1028 733 1083 et
754 1018 999 1104 Rhescuporidis
1021 1017 1160 1082 consiliis
1182 1039 1254 1102 per-

228 1118 374 1194 mixtum,
397 1137 461 1199 qua
478 1122 662 1199 tempestate
681 1112 783 1198 Cotye
802 1105 926 1199 [fratre]
950 1112 1114 1178 interfecto
1136 1111 1253 1177 bellum
1322 1160 1326 1167 .

228 1211 378 1275 adversus
391 1232 449 1275 nos
463 1209 603 1279 volverat
608 1231 617 1286 ;
634 1207 730 1294 igitur
742 1229 825 1290 aqua
842 1216 873 1270 et
889 1206 957 1292 igni
973 1206 1170 1271 interdictum
1188 1227 1253 1282 reo,
1337 1232 1349 1251 -·

228 1303 468 1389 adpositumque
490 1311 525 1366 ut
546 1312 703 1366 teneretur
723 1301 826 1365 insula
847 1322 948 1383 neque
970 1300 1177 1365 Macedoniae
1198 1322 1254 1365 ne-

227 1419 288 1479 que
307 1396 459 1461 Threciae
477 1404 660 1480 opportuna.
690 1388 694 1393 ’

290 1490 372 1555 Nam
390 1489 526 1555 Threcia
546 1489 647 1554 diviso
665 1489 795 1574 imperio
816 1489 850 1552 in
866 1488 1111 1553 Rhoemetalcen
1129 1496 1160 1552 et
1176 1486 1254 1555 libe·

226 1606 277 1649 ros
297 1582 418 1668 Cotyis,
437 1583 507 1666 quis
526 1581 567 1646 ob
584 1582 749 1646 infantiam
766 1591 850 1646 tutor
867 1591 934 1647 erat
951 1581 1168 1647 Trebellianus
1185 1574 1253 1646 Ru-

226 1677 292 1755 fus,
315 1677 480 1742 insolentia
501 1676 599 1740 nostri
621 1676 740 1741 discors
763 1677 877 1762 agebat
898 1697 1000 1760 neque
1021 1676 1125 1740 minus
1147 1670 1308 1763 Rhoe*

227 1771 380 1836 metalcen
391 1792 487 1854 quam
500 1769 732 1835 Trebellianum
748 1771 896 1835 incusans
910 1770 1107 1856 popularium
1124 1768 1252 1833 iniurias
1372 1761 1374 1764 ’

226 1865 342 1930 inultas
361 1864 472 1929 sinere.
497 1862 676 1930 Coelaletae
695 1862 904 1949 Odrysaeque
921 1873 953 1929 et
969 1864 1039 1942 Dii,
1058 1863 1181 1929 validae
1197 1876 1283 1927 nam*
1315 1912 1317 1914 ψ
1351 1940 1355 1947 Ι

227 1959 341 2036 tiones,
364 1980 452 2023 arma
474 1978 598 2044 cepere,
625 1957 758 2023 ducibus
776 1958 909 2023 diversis
927 1968 959 2023 et
975 1957 1103 2043 paribus
1121 1958 1201 2022 inter
1219 1979 1253 2022 se
1332 1942 1369 1967 ¹⁹

227 2074 283 2137 per
298 2051 540 2138 ignobilitatem3
563 2072 643 2135 quae
662 2073 758 2117 causa
774 2052 835 2116 fuit
852 2072 892 2117 ne
909 2052 942 2117 in
960 2051 1077 2117 bellum
1094 2059 1184 2115 atrox
1202 2072 1254 2116 co-
1293 2052 1331 2099 3³

227 2145 410 2211 alescerent:
429 2167 502 2230 pars
520 2144 646 2210 turbant
662 2146 848 2230 praesentia,
867 2146 920 2211 alii
936 2155 1075 2211 montem
1091 2144 1252 2214 Haemum
1288 2138 1313 2211 ἶ
1335 2137 1354 2182 7

226 2239 496 2326 transgrediuntur
512 2247 547 2302 ut
563 2248 699 2303 remotos
720 2239 854 2324 populos
878 2239 1049 2317 concirent3
1071 2239 1198 2323 plurimi
1215 2259 1254 2303 ac

226 2334 362 2398 maxime
380 2331 544 2417 compositi
561 2354 668 2418 regem
686 2332 858 2416 urbemque
870 2332 1126 2419 Philippopolim,
1144 2354 1164 2397 a
1179 2330 1253 2397 Ma-

176 2424 345 2494 ascesione
366 2427 515 2512 Philippo
542 2427 647 2504 sitam,
671 2427 911 2491 circumsidunt.
943 2449 1024 2511 quae
1045 2426 1101 2491 ubi
1127 2426 1253 2512 cognita

225 2520 264 2586 P.
281 2520 468 2587 Vellaeo-
486 2521 513 2585 is
530 2521 708 2606 proximum
723 2521 897 2585 'exercitum
914 2520 1112 2606 praesidebat
1129 2556 1171 2568 —-
1189 2520 1253 2584 ala-

225 2615 288 2680 rios
311 2616 430 2698 equites
454 2637 491 2679 ao
507 2614 586 2679 levis
609 2614 783 2680 cohortium
804 2615 899 2680 mittit
919 2616 1024 2680 ineos
1046 2615 1101 2698 qui
1121 2615 1253 2699 praeda·
1276 2679 1279 2683 .

224 2707 323 2773 bundi
340 2718 394 2772 aut
412 2708 612 2772 adsumendis
631 2709 754 2772 auxiliis
773 2708 990 2795 vagabantur,
1000 2710 1068 2795 ipse
1085 2709 1181 2774 robur
1197 2731 1253 2794 pe·

225 2801 325 2865 ditum
347 2801 388 2864 ad
410 2800 635 2864 exsolvendum
658 2801 814 2875 obsidium
837 2802 936 2882 ducit,
964 2803 1118 2887 simulque
1140 2812 1252 2868 cuncta

224 2915 372 2979 prospere
399 2903 482 2971 acta,
514 2891 614 2959 caesis
644 2896 880 2980 populatoribus
907 2907 938 2962 et
963 2897 1159 2962 dissensione
1185 2907 1253 2961 orta

225 2988 309 3073 apud
326 2987 505 3054 obsidentes
522 2988 669 3075 regisque
691 3000 867 3076 opportuna
888 2987 1049 3076 eruptione
1067 3000 1099 3056 et
1116 2991 1252 3055 adventu

224 3081 369 3168 legionis:
392 3103 495 3166 neque
517 3083 617 3147 aciem
638 3093 692 3147 aut
709 3085 862 3169 proelium
884 3085 946 3149 dici
963 3084 1114 3162 decuerit,
1137 3084 1251 3167 inquo

225 3175 371 3242 semermi
387 3197 425 3240 ac
441 3175 583 3261 palantes
601 3178 746 3242 trucidati
764 3187 837 3243 sunt
855 3178 922 3243 sine
939 3187 1046 3243 nostro
1065 3177 1227 3264 sanguine.

173 3289 206 3337 40
287 3269 411 3346 Eodem
424 3292 507 3335 anno
518 3267 691 3338 Galliarum
700 3272 841 3336 civitates
856 3271 896 3337 ob
910 3272 1157 3361 magnitudinem
1169 3271 1250 3336 aeris

224 3362 316 3429 alieni
341 3363 543 3429 rebellionem
565 3373 763 3450 coeptavere,
791 3366 887 3431 euius.
902 3366 1119 3430 exstimulatur
1140 3367 1252 3430 aceni-

224 3481 295 3522 mus
320 3457 402 3522 inter
427 3457 582 3523 Treveros
604 3457 704 3524 Iulius
726 3459 855 3537 Florus,
883 3459 967 3544 apud
991 3457 1123 3524 Aeduos
1150 3458 1250 3524 Iulius
1286 3520 1302 3535 ,.

225 3550 381 3617 Sacrovir.
403 3550 549 3616 nobilitas
562 3551 714 3616 ambobus
729 3561 760 3616 et
777 3553 930 3619 maiorum
944 3552 1026 3619 bona
1039 3553 1132 3630 facta,
1142 3573 1252 3635 'eoque
1280 3540 1311 3597 Ὁ

224 3644 368 3711 Romana
384 3645 494 3710 civitas
517 3645 592 3710 olim
609 3645 695 3721 data,
720 3668 792 3710 cum
809 3647 842 3711 id
859 3670 964 3712 rarum
984 3665 1043 3712 nec
1060 3647 1123 3712 nisi
1144 3645 1252 3710 virtuti

222 3739 358 3823 pretium
379 3747 476 3805 esset:
503 3739 526 3802 ii
548 3739 675 3804 secretis
698 3740 885 3823 conloquiis,
908 3739 1103 3806 ferocissimo
1126 3734 1275 3823 quoque

224 3832 389 3917 adsumpto
412 3841 466 3896 aut
487 3832 602 3916 quibus
620 3831 660 3897 ob
684 3842 856 3919 egestatem
873 3856 910 3899 ao
927 3843 1045 3899 metum
1067 3856 1108 3899 ex
1124 3833 1250 3919 flagitiis

223 3925 361 3989 maxima
377 3926 528 4010 peccandi
545 3926 758 4006 necessitudo,
782 3936 973 4012 componunt
989 3927 1103 3994 Florus
1120 3926 1249 4013 Belgas,

226 4014 372 4082 Sacrovir
388 4019 549 4104 propiores
569 4017 679 4085 Gallos
697 4021 834 4100 concire3
856 4021 951 4107 igitur
971 4043 1028 4108 per
1045 4019 1251 4088 conciliabula
1320 4077 1325 4086 .

188 4150 190 4155 -
217 4108 256 4174 'et
277 4121 384 4177 coetus
411 4113 560 4178 seditiosa
585 4114 779 4181 disserebant
801 4115 840 4181 de
863 4114 1095 4184 continuatione
1120 4113 1250 4180 tributo-
