2760 4874
163 168 186 219 e

138 394 199 459 120
484 401 667 460 CORNELII
681 399 810 457 TACITI

1048 496 1158 536 anua

135 585 171 629 ac
194 563 222 629 si
242 561 378 627 modum·
391 560 522 626 orationi
542 559 713 645 posuisset,
740 558 951 624 misericordia
973 559 1022 623 sui
1043 560 1158 645 gloria-

134 679 195 741 que
213 657 333 721 animos
351 654 543 727 audientium
560 653 755 738 impleverat:
775 653 815 716 ad
831 653 913 716 v‘ana
930 661 962 716 et
979 653 1092 718 totiens
1110 655 1159 717 in-

134 752 197 815 risa
214 749 383 825 revolutus,
401 748 440 812 de
459 747 618 811 reddenda
634 768 667 810 re
684 745 811 831 publica
824 755 920 828 utque
938 745 1083 811 consules
1101 768 1159 811 seu

134 844 204 926 quis
227 843 306 908 alius
328 842 469 927 regimen
494 840 700 924 susciperent,
727 861 801 903 vero
827 860 952 922 quoque
974 848 1005 902 et
1026 839 1158 904 honesto

134 937 230 1001 fidem
247 935 390 1020 dempsit.
414 933 581 998 memoriae
598 931 698 996 Drusi
716 932 826 999 eadem
843 953 923 1013 quae
941 931 974 995 in
992 929 1159 997 Germani·

135 1051 208 1095 curn
225 1030 445 1104 decernuntur,
463 1027 620 1112 plerisque
638 1025 766 1102 additis,
784 1035 819 1088 ut
836 1024 935 1089 ferme
953 1034 1038 1090 amat
1053 1035 1159 1110 poste-

134 1124 197 1188 rior
221 1123 368 1188 adulatio.
403 1121 498 1185 funus
524 1119 704 1205 imaginum
726 1141 843 1203 pompa
867 1119 1002 1183 maxime
1028 1119 1158 1183 inlustre

97 1269 100 1272 Α
134 1217 207 1294 suit,
231 1238 312 1292 curn,
326 1215 414 1300 origo
431 1214 530 1278 Iuliae
553 1213 655 1298 gentis
674 1210 801 1276 Aeneas
825 1233 995 1294 omnesque
1017 1209 1159 1276 Albano-

134 1333 205 1377 rum
221 1331 312 1395 reges
330 1318 362 1373 et
382 1307 523 1372 conditor
544 1306 630 1371 urbis
648 1305 818 1381 Romulus,
839 1313 912 1389 post
931 1303 1050 1370 Sabina
1070 1304 1160 1370 nobi·

134 1405 215 1480 litas,
234 1401 330 1467 Attus
345 1401 482 1467 Clausus
500 1410 683 1484 ceteraeque
702 1399 906 1465 Claudiorum
924 1399 1047 1484 effigies
1064 1399 1159 1484 longo

135 1497 242 1562 ordine
261 1504 482 1581 spectarentur.

87 1610 118 1656 10
199 1590 239 1657 In
263 1589 414 1653 tradenda
439 1597 538 1653 morte
561 1587 662 1663 Drusi
687 1609 767 1671 quae
793 1588 935 1673 plurimis
962 1587 1160 1671 maximeque

135 1684 207 1748 fidis
229 1683 408 1749 auctoribus
430 1691 600 1747 memorata
622 1692 694 1747 sunt
712 1682 816 1746 retuli:
841 1683 897 1746 sed
917 1705 981 1747 non
1001 1681 1159 1747 omiserim

136 1777 305 1843 eorundem
322 1786 497 1862 temporum
514 1794 684 1852 rumorem,
707 1776 846 1841 validum
868 1777 946 1840 adeo
964 1785 999 1841 ut
1020 1775 1160 1840 nondum

136 1871 302 1936 exolescat.
330 1879 474 1956 corrupta
491 1870 532 1934 ad
554 1870 656 1934 scelus
675 1870 770 1934 Livia
789 1868 940 1936 Seianum
957 1870 1065 1954 Lygdi
1083 1890 1161 1952 quo-

136 1986 197 2049 que
224 1964 371 2048 spadonis
398 1964 536 2028 animum
559 1973 666 2048 stupro
688 1964 841 2041 vinxisse,
868 1964 1001 2047 quodie
1023 1962 1160 2048 Lygdus

137 2066 237 2123 aetate
260 2068 353 2141 atque
374 2057 476 2122 forma
501 2078 592 2124 carus
615 2058 741 2122 domino
766 2058 908 2140 interque
928 2057 1080 2142 primores
1102 2056 1161 2119 mi·

136 2152 250 2216 nistros
268 2161 347 2230 erat3
366 2151 478 2215 deinde
495 2151 575 2215 inter
588 2152 729 2216 conscios
747 2151 802 2216 ubi
819 2151 906 2216 locus
923 2150 1066 2215 veneficii
1082 2160 1162 2214 tem·

136 2265 258 2330 pusque
276 2245 438 2331 conposita
455 2244 530 2321 sint,
553 2266 590 2309 eo
608 2245 757 2309 audaciae
774 2255 957 2330 provectum
974 2252 1010 2307 ut
1026 2251 1161 2308 verteret

137 2348 169 2405 et
186 2339 307 2405 occulto
324 2339 439 2404 indicio
456 2337 599 2403 Drusum
620 2339 733 2402 veneni
749 2339 920 2423 inpetrem
941 2359 1076 2423 arguens
1094 2359 1161 2401 rno-

137 2442 225 2496 neret
246 2432 407 2497 Tiberium
428 2432 588 2496 vitandam
613 2433 771 2516 potionem
797 2453 878 2514 quae
890 2431 1004 2515 „prima
1025 2430 1055 2494 ei
1077 2432 1162 2514 apud

137 2525 235 2590 filium
253 2526 391 2611 epulanti
408 2525 583 2590 alienetur:
602 2547 639 2590 ea
651 2525 761 2589 fraude
775 2534 841 2588 tum
860 2546 975 2601 serrem,
994 2532 1162 2608 postquam

138 2620 315 2701 convivium
337 2619 460 2695 inierat,
488 2627 654 2702 exceptum
678 2618 826 2702 poculum
846 2617 955 2681 Druso
981 2617 1160 2694 tradidisse;

139 2721 231 2793 atque
249 2713 301 2775 illo
319 2713 429 2796 ignaro
447 2720 477 2775 et
493 2710 669 2776 iuveniliter
690 2711 850 2775 hauriente
868 2720 992 2774 auctam
1010 2710 1165 2794 suspicio·

138 2825 228 2880 nem,
246 2813 405 2886 tamquam
423 2813 508 2866 metu
526 2812 557 2868 et
573 2804 693 2888 pudore
715 2803 840 2868 sibimet
856 2804 1014 2889 inrogaret
1030 2812 1162 2868 mortem

139 2916 234 2978 quarn
250 2895 331 2980 patri
349 2904 514 2959 struxerat.
936 2894 938 2898 ’

93 3010 119 3055 ιι
196 2988 294 3054 >Haec
310 2989 550 3074 vulgo'iactata,
570 3012 665 3074 super
680 2992 713 3056 id
730 2993 815 3074 quod
831 2993 917 3057 nullo
935 2999 1060 3056 auctore
1079 3000 1162 3055 certo

139 3082 314 3160 firmantur,
337 3092 480 3167 prompte
501 3083 700 3149 refutaveris:
723 3087 793 3168 quis
816 3087 899 3150 enim
921 3084 1069 3150 mediocri
1089 3107 1163 3168 pru-

140 3177 258 3254 dentia,
285 3178 402 3241 nedum
424 3176 569 3242 Tiberius
592 3179 686 3242 tantis
711 3179 805 3244 rebus
828 3180 995 3255 exercitus,
1022 3178 1163 3241 inaudito

139 3271 203 3336 filio
222 3271 351 3357 exitium
368 3270 515 3354 offerret,
529 3271 624 3353 idque
647 3294 704 3336 sua
721 3295 817 3336 manu
839 3281 870 3336 et
887 3271 971 3336 nullo
994 3272 1035 3335 ad
1055 3271 1163 3355 paeni-

141 3366 269 3431 tendum
286 3365 449 3451 regressui
465 3365 542 3452 quin
557 3365 661 3449 potius
680 3365 856 3429 ministrum
874 3365 985 3430 veneni
1004 3364 1163 3428 excrucia-

140 3469 195 3537 ret,
215 3469 373 3524 auctorem
386 3452 569 3542 exquireret,
587 3459 682 3523 insita
695 3459 827 3542 denique
842 3460 936 3523 etiam
948 3459 981 3521 in
999 3466 1163 3522 extraneos

35 3559 36 3562 ’
141 3553 336 3618 cunctatione
363 3562 394 3618 et
419 3575 506 3616 mora
536 3552 703 3617 adversum
732 3553 859 3618 unicum
886 3548 917 3616 et
946 3552 1061 3615 nullius
1092 3561 1164 3615 ante

141 3646 251 3732 flagitii
272 3656 453 3730 conpertum
475 3645 632 3709 utereturi
658 3646 714 3710 sed
736 3646 810 3729 quia
833 3644 966 3712 Seianus
989 3645 1164 3709 facinorum

142 3738 280 3805 omnium
305 3749 443 3824 repertor
471 3739 668 3818 habebatur„
689 3761 728 3802 ex
755 3740 850 3804 nimia
868 3741 1007 3804 *caritate
1033 3739 1066 3802 in
1093 3760 1165 3802 eum

144 3831 289 3898 Caesaris
307 3842 338 3898 et
355 3842 527 3898 ceterorum
544 3834 577 3899 in
589 3843 755 3915 utrumque
773 3835 845 3898 odio
859 3833 1002 3916 quamvis
1020 3831 1166 3896 fabulosa

143 3934 175 3988 et
190 3925 339 3992 immania
356 3927 573 4004 credebantur,
597 3927 746 3991 atrociore
769 3949 893 4011 semper
913 3927 999 3990 fama
1017 3948 1093 4010 erga
1110 3926 1165 3989 do-

143 4017 327 4082 minantium
340 4020 450 4084 exitus.
470 4021 545 4084 ordo
555 4020 671 4104 alioqui
681 4020 806 4085 sceleris
815 4043 871 4106 per
879 4019 1048 4105 Apicatam
1058 4017 1165 4104 Seiani

143 4111 283 4194 proditus
297 4113 456 4178 tormentis
469 4113 606 4179 Eudemi
619 4134 656 4177 ae
669 4113 778 4199 Lygdi
790 4114 965 4200 patefactus
983 4122 1045 4191 est3
1063 4134 1164 4194 neque

89 4292 147 4567 t
