<?xml version="1.0" encoding="UTF-8"?>
<!DOCTYPE html PUBLIC "-//W3C//DTD XHTML 1.0 Transitional//EN"
    "http://www.w3.org/TR/xhtml1/DTD/xhtml1-transitional.dtd">
<html xmlns="http://www.w3.org/1999/xhtml" xml:lang="en" lang="en">
 <head>
  <title>
</title>
<meta http-equiv="Content-Type" content="text/html;charset=utf-8" />
  <meta name='ocr-system' content='tesseract 3.04.00' />
  <meta name='ocr-capabilities' content='ocr_page ocr_carea ocr_par ocr_line ocrx_word'/>
</head>
<body>
  <div class='ocr_page' id='page_1' title='image "./corneliitacitio01haasgoog_0190.png"; bbox 0 0 2760 4874; ppageno 0'>
   <div class='ocr_carea' id='block_1_1' title="bbox 141 326 1160 482">
    <p class='ocr_par' dir='ltr' id='par_1_1' title="bbox 141 326 1160 482">
     <span class='ocr_line' id='line_1_1' title="bbox 207 326 1160 406; baseline 0 -14"><span class='ocrx_word' id='word_1_1' title='bbox 207 366 213 376; x_wconf 56' lang='lat'>=</span> <span class='ocrx_word' id='word_1_2' title='bbox 311 402 312 406; x_wconf 7' lang='grc' dir='ltr'><strong><em>Ν</em></strong></span> <span class='ocrx_word' id='word_1_3' title='bbox 405 335 612 395; x_wconf 70' lang='lat' dir='ltr'>numanum</span> <span class='ocrx_word' id='word_1_4' title='bbox 629 336 702 392; x_wconf 78' lang='lat' dir='ltr'>mu.</span> <span class='ocrx_word' id='word_1_5' title='bbox 712 338 764 392; x_wconf 90' lang='lat'>111.</span> <span class='ocrx_word' id='word_1_6' title='bbox 777 337 895 399; x_wconf 73' lang='lat' dir='ltr'>aa-ta</span> <span class='ocrx_word' id='word_1_7' title='bbox 1099 326 1160 392; x_wconf 87' lang='lat'>113</span> 
     </span>
     <span class='ocr_line' id='line_1_2' title="bbox 141 429 255 482; baseline -0.026 -10"><span class='ocrx_word' id='word_1_8' title='bbox 141 444 161 482; x_wconf 77' lang='lat' dir='ltr'>p.</span> <span class='ocrx_word' id='word_1_9' title='bbox 172 429 213 472; x_wconf 86' lang='lat' dir='ltr'>cn.</span> <span class='ocrx_word' id='word_1_10' title='bbox 223 432 255 470; x_wconf 81' lang='lat' dir='ltr'>aa</span> 
     </span>
    </p>
   </div>
   <div class='ocr_carea' id='block_1_2' title="bbox 62 493 1166 1703">
    <p class='ocr_par' dir='ltr' id='par_1_2' title="bbox 62 493 1166 1703">
     <span class='ocr_line' id='line_1_3' title="bbox 139 493 1161 584; baseline -0.002 -21"><span class='ocrx_word' id='word_1_11' title='bbox 139 500 242 584; x_wconf 81' lang='lat' dir='ltr'><strong>inpar,</strong></span> <span class='ocrx_word' id='word_1_12' title='bbox 270 496 394 573; x_wconf 88' lang='lat' dir='ltr'>furandi</span> <span class='ocrx_word' id='word_1_13' title='bbox 419 496 540 571; x_wconf 91' lang='lat' dir='ltr'>melior,</span> <span class='ocrx_word' id='word_1_14' title='bbox 567 494 665 579; x_wconf 88' lang='lat' dir='ltr'>pluris</span> <span class='ocrx_word' id='word_1_15' title='bbox 687 517 744 580; x_wconf 89' lang='lat' dir='ltr'>per</span> <span class='ocrx_word' id='word_1_16' title='bbox 765 493 876 580; x_wconf 88' lang='lat' dir='ltr'>globos</span> <span class='ocrx_word' id='word_1_17' title='bbox 902 496 1074 562; x_wconf 80' lang='lat' dir='ltr'>incursaret</span> <span class='ocrx_word' id='word_1_18' title='bbox 1096 498 1161 562; x_wconf 92' lang='lat' dir='ltr'>elu-</span> 
     </span>
     <span class='ocr_line' id='line_1_4' title="bbox 140 589 1162 674; baseline 0 -17"><span class='ocrx_word' id='word_1_19' title='bbox 140 594 287 674; x_wconf 91' lang='lat' dir='ltr'>deretque</span> <span class='ocrx_word' id='word_1_20' title='bbox 309 591 437 655; x_wconf 85' lang='lat' dir='ltr'>insidias</span> <span class='ocrx_word' id='word_1_21' title='bbox 461 602 488 654; x_wconf 84' lang='lat' dir='ltr'>et</span> <span class='ocrx_word' id='word_1_22' title='bbox 506 589 598 654; x_wconf 91' lang='lat' dir='ltr'>simul</span> <span class='ocrx_word' id='word_1_23' title='bbox 619 598 796 673; x_wconf 90' lang='lat' dir='ltr'>temptaret,</span> <span class='ocrx_word' id='word_1_24' title='bbox 824 599 886 655; x_wconf 90' lang='lat' dir='ltr'>tres</span> <span class='ocrx_word' id='word_1_25' title='bbox 909 592 1064 670; x_wconf 88' lang='lat' dir='ltr'>incessus,</span> <span class='ocrx_word' id='word_1_26' title='bbox 1092 595 1162 657; x_wconf 89' lang='lat' dir='ltr'>toti-</span> 
     </span>
     <span class='ocr_line' id='line_1_5' title="bbox 141 681 1162 773; baseline 0.002 -23"><span class='ocrx_word' id='word_1_27' title='bbox 141 687 212 750; x_wconf 91' lang='lat' dir='ltr'>dem</span> <span class='ocrx_word' id='word_1_28' title='bbox 234 685 361 771; x_wconf 80' lang='lat' dir='ltr'>agmina</span> <span class='ocrx_word' id='word_1_29' title='bbox 382 692 544 768; x_wconf 89' lang='lat' dir='ltr'>parantur:</span> <span class='ocrx_word' id='word_1_30' title='bbox 567 705 607 746; x_wconf 88' lang='lat' dir='ltr'>ex</span> <span class='ocrx_word' id='word_1_31' title='bbox 628 683 698 766; x_wconf 91' lang='lat' dir='ltr'>quis</span> <span class='ocrx_word' id='word_1_32' title='bbox 723 681 886 749; x_wconf 91' lang='lat' dir='ltr'>Cornelius</span> <span class='ocrx_word' id='word_1_33' title='bbox 911 683 1017 771; x_wconf 88' lang='lat' dir='ltr'>Scipio</span> <span class='ocrx_word' id='word_1_34' title='bbox 1039 687 1162 773; x_wconf 85' lang='lat' dir='ltr'>legatus</span> 
     </span>
     <span class='ocr_line' id='line_1_6' title="bbox 139 775 1163 864; baseline 0.002 -22"><span class='ocrx_word' id='word_1_35' title='bbox 139 778 274 864; x_wconf 83' lang='lat' dir='ltr'>praefuit</span> <span class='ocrx_word' id='word_1_36' title='bbox 292 800 353 861; x_wconf 89' lang='lat' dir='ltr'>qua</span> <span class='ocrx_word' id='word_1_37' title='bbox 366 776 526 862; x_wconf 89' lang='lat' dir='ltr'>praedatio</span> <span class='ocrx_word' id='word_1_38' title='bbox 543 775 576 839; x_wconf 91' lang='lat' dir='ltr'>in</span> <span class='ocrx_word' id='word_1_39' title='bbox 588 776 775 861; x_wconf 70' lang='lat' dir='ltr'>Leptitanos</span> <span class='ocrx_word' id='word_1_40' title='bbox 791 786 825 840; x_wconf 86' lang='lat' dir='ltr'>et</span> <span class='ocrx_word' id='word_1_41' title='bbox 839 777 976 864; x_wconf 85' lang='lat' dir='ltr'>suffugia</span> <span class='ocrx_word' id='word_1_42' title='bbox 990 777 1163 844; x_wconf 66' lang='lat' dir='ltr'>Garamam</span> 
     </span>
     <span class='ocr_line' id='line_1_7' title="bbox 141 869 1161 957; baseline 0 -19"><span class='ocrx_word' id='word_1_43' title='bbox 141 885 222 951; x_wconf 82' lang='lat' dir='ltr'>tum3</span> <span class='ocrx_word' id='word_1_44' title='bbox 244 873 305 937; x_wconf 88' lang='lat' dir='ltr'>alio</span> <span class='ocrx_word' id='word_1_45' title='bbox 322 871 431 949; x_wconf 91' lang='lat' dir='ltr'>latere,</span> <span class='ocrx_word' id='word_1_46' title='bbox 450 894 490 934; x_wconf 91' lang='lat' dir='ltr'>ne</span> <span class='ocrx_word' id='word_1_47' title='bbox 510 869 700 936; x_wconf 84' lang='lat' dir='ltr'>Cirtensium</span> <span class='ocrx_word' id='word_1_48' title='bbox 722 871 796 956; x_wconf 87' lang='lat' dir='ltr'>pagi</span> <span class='ocrx_word' id='word_1_49' title='bbox 813 872 941 957; x_wconf 88' lang='lat' dir='ltr'>impune</span> <span class='ocrx_word' id='word_1_50' title='bbox 959 873 1161 951; x_wconf 85' lang='lat' dir='ltr'>traherentur,</span> 
     </span>
     <span class='ocr_line' id='line_1_8' title="bbox 139 964 1161 1054; baseline 0 -22"><span class='ocrx_word' id='word_1_51' title='bbox 139 967 298 1054; x_wconf 89' lang='lat' dir='ltr'>propriam</span> <span class='ocrx_word' id='word_1_52' title='bbox 311 988 438 1030; x_wconf 90' lang='lat' dir='ltr'>manum</span> <span class='ocrx_word' id='word_1_53' title='bbox 451 964 586 1029; x_wconf 89' lang='lat' dir='ltr'>Blaesus</span> <span class='ocrx_word' id='word_1_54' title='bbox 600 964 682 1029; x_wconf 90' lang='lat' dir='ltr'>filius</span> <span class='ocrx_word' id='word_1_55' title='bbox 701 965 804 1042; x_wconf 87' lang='lat' dir='ltr'>duxit;</span> <span class='ocrx_word' id='word_1_56' title='bbox 821 966 925 1031; x_wconf 83' lang='lat' dir='ltr'>medio</span> <span class='ocrx_word' id='word_1_57' title='bbox 939 989 1010 1030; x_wconf 88' lang='lat' dir='ltr'>curn</span> <span class='ocrx_word' id='word_1_58' title='bbox 1024 967 1161 1045; x_wconf 88' lang='lat' dir='ltr'>delectis,</span> 
     </span>
     <span class='ocr_line' id='line_1_9' title="bbox 141 1057 1163 1146; baseline 0 -21"><span class='ocrx_word' id='word_1_59' title='bbox 141 1060 269 1125; x_wconf 90' lang='lat' dir='ltr'>castella</span> <span class='ocrx_word' id='word_1_60' title='bbox 293 1069 324 1123; x_wconf 90' lang='lat' dir='ltr'>et</span> <span class='ocrx_word' id='word_1_61' title='bbox 350 1058 536 1123; x_wconf 88' lang='lat' dir='ltr'>munitiones</span> <span class='ocrx_word' id='word_1_62' title='bbox 562 1058 682 1122; x_wconf 85' lang='lat' dir='ltr'>idoneis</span> <span class='ocrx_word' id='word_1_63' title='bbox 708 1057 785 1122; x_wconf 91' lang='lat' dir='ltr'>locis</span> <span class='ocrx_word' id='word_1_64' title='bbox 811 1059 978 1143; x_wconf 87' lang='lat' dir='ltr'>inponens,</span> <span class='ocrx_word' id='word_1_65' title='bbox 1002 1061 1070 1124; x_wconf 71' lang='lat' dir='ltr'>&#39;dux</span> <span class='ocrx_word' id='word_1_66' title='bbox 1095 1061 1163 1146; x_wconf 90' lang='lat' dir='ltr'>ipsc</span> 
     </span>
     <span class='ocr_line' id='line_1_10' title="bbox 141 1150 1164 1236; baseline -0.001 -17"><span class='ocrx_word' id='word_1_67' title='bbox 141 1164 209 1219; x_wconf 87' lang='lat' dir='ltr'>arta</span> <span class='ocrx_word' id='word_1_68' title='bbox 226 1163 257 1217; x_wconf 90' lang='lat' dir='ltr'>et</span> <span class='ocrx_word' id='word_1_69' title='bbox 273 1153 397 1218; x_wconf 86' lang='lat' dir='ltr'>infensa</span> <span class='ocrx_word' id='word_1_70' title='bbox 413 1150 555 1216; x_wconf 90' lang='lat' dir='ltr'>hostibus</span> <span class='ocrx_word' id='word_1_71' title='bbox 579 1161 689 1215; x_wconf 90' lang='lat' dir='ltr'>cuncta</span> <span class='ocrx_word' id='word_1_72' title='bbox 712 1151 841 1228; x_wconf 87' lang='lat' dir='ltr'>fecerat,</span> <span class='ocrx_word' id='word_1_73' title='bbox 864 1153 951 1235; x_wconf 91' lang='lat' dir='ltr'>quia,</span> <span class='ocrx_word' id='word_1_74' title='bbox 974 1175 1100 1236; x_wconf 93' lang='lat' dir='ltr'>quoquo</span> <span class='ocrx_word' id='word_1_75' title='bbox 1117 1155 1164 1218; x_wconf 93' lang='lat' dir='ltr'>in-</span> 
     </span>
     <span class='ocr_line' id='line_1_11' title="bbox 142 1243 1164 1331; baseline 0.001 -20"><span class='ocrx_word' id='word_1_76' title='bbox 142 1248 304 1323; x_wconf 89' lang='lat' dir='ltr'>clinarent,-</span> <span class='ocrx_word' id='word_1_77' title='bbox 327 1268 400 1331; x_wconf 90' lang='lat' dir='ltr'>pars</span> <span class='ocrx_word' id='word_1_78' title='bbox 423 1245 528 1328; x_wconf 88' lang='lat' dir='ltr'>aliqua</span> <span class='ocrx_word' id='word_1_79' title='bbox 549 1243 655 1308; x_wconf 91' lang='lat' dir='ltr'>militis</span> <span class='ocrx_word' id='word_1_80' title='bbox 674 1244 810 1309; x_wconf 84' lang='lat' dir='ltr'>Romani</span> <span class='ocrx_word' id='word_1_81' title='bbox 831 1245 864 1308; x_wconf 91' lang='lat' dir='ltr'>in</span> <span class='ocrx_word' id='word_1_82' title='bbox 882 1268 948 1322; x_wconf 90' lang='lat' dir='ltr'>ore,</span> <span class='ocrx_word' id='word_1_83' title='bbox 971 1247 1004 1310; x_wconf 92' lang='lat' dir='ltr'>in</span> <span class='ocrx_word' id='word_1_84' title='bbox 1020 1247 1115 1311; x_wconf 89' lang='lat' dir='ltr'>latere</span> <span class='ocrx_word' id='word_1_85' title='bbox 1133 1257 1164 1312; x_wconf 90' lang='lat' dir='ltr'>et</span> 
     </span>
     <span class='ocr_line' id='line_1_12' title="bbox 143 1331 1165 1425; baseline 0 -20"><span class='ocrx_word' id='word_1_86' title='bbox 143 1363 236 1425; x_wconf 91' lang='lat' dir='ltr'>saepe</span> <span class='ocrx_word' id='word_1_87' title='bbox 254 1364 273 1403; x_wconf 98' lang='lat' dir='ltr'>a</span> <span class='ocrx_word' id='word_1_88' title='bbox 295 1349 382 1425; x_wconf 90' lang='lat' dir='ltr'>tergo</span> <span class='ocrx_word' id='word_1_89' title='bbox 405 1348 484 1415; x_wconf 85' lang='lat' dir='ltr'>erat3</span> <span class='ocrx_word' id='word_1_90' title='bbox 507 1337 657 1420; x_wconf 90' lang='lat' dir='ltr'>multique</span> <span class='ocrx_word' id='word_1_91' title='bbox 680 1338 829 1402; x_wconf 87' lang='lat' dir='ltr'>eomodo</span> <span class='ocrx_word' id='word_1_92' title='bbox 852 1331 935 1403; x_wconf 86' lang='lat' dir='ltr'>caesi</span> <span class='ocrx_word' id='word_1_93' title='bbox 957 1349 1011 1403; x_wconf 87' lang='lat' dir='ltr'>aut</span> <span class='ocrx_word' id='word_1_94' title='bbox 1033 1341 1165 1405; x_wconf 87' lang='lat' dir='ltr'>eircum-</span> 
     </span>
     <span class='ocr_line' id='line_1_13' title="bbox 62 1431 1165 1519; baseline 0.001 -22"><span class='ocrx_word' id='word_1_95' title='bbox 62 1431 64 1437; x_wconf 73' lang='grc'><strong>’</strong></span> <span class='ocrx_word' id='word_1_96' title='bbox 141 1433 235 1498; x_wconf 88' lang='lat' dir='ltr'>venti.</span> <span class='ocrx_word' id='word_1_97' title='bbox 259 1444 333 1496; x_wconf 91' lang='lat' dir='ltr'>tunc</span> <span class='ocrx_word' id='word_1_98' title='bbox 351 1432 537 1517; x_wconf 90' lang='lat' dir='ltr'>tripertitum</span> <span class='ocrx_word' id='word_1_99' title='bbox 556 1431 726 1495; x_wconf 83' lang='lat' dir='ltr'>exercitum</span> <span class='ocrx_word' id='word_1_100' title='bbox 743 1431 848 1516; x_wconf 91' lang='lat' dir='ltr'>plures</span> <span class='ocrx_word' id='word_1_101' title='bbox 866 1432 899 1496; x_wconf 92' lang='lat' dir='ltr'>in</span> <span class='ocrx_word' id='word_1_102' title='bbox 916 1456 1027 1498; x_wconf 89' lang='lat' dir='ltr'>manus</span> <span class='ocrx_word' id='word_1_103' title='bbox 1046 1434 1165 1519; x_wconf 90' lang='lat' dir='ltr'>disper-</span> 
     </span>
     <span class='ocr_line' id='line_1_14' title="bbox 142 1525 1164 1612; baseline 0.001 -22"><span class='ocrx_word' id='word_1_104' title='bbox 142 1527 188 1612; x_wconf 86' lang='lat' dir='ltr'>git</span> <span class='ocrx_word' id='word_1_105' title='bbox 201 1526 425 1611; x_wconf 88' lang='lat' dir='ltr'>praeponitque</span> <span class='ocrx_word' id='word_1_106' title='bbox 438 1525 633 1589; x_wconf 82' lang='lat' dir='ltr'>centuriones</span> <span class='ocrx_word' id='word_1_107' title='bbox 648 1525 769 1589; x_wconf 88' lang='lat' dir='ltr'>virtutis</span> <span class='ocrx_word' id='word_1_108' title='bbox 784 1535 944 1610; x_wconf 82' lang='lat' dir='ltr'>expertae3</span> <span class='ocrx_word' id='word_1_109' title='bbox 962 1548 1030 1604; x_wconf 91' lang='lat' dir='ltr'>nec,</span> <span class='ocrx_word' id='word_1_110' title='bbox 1048 1537 1083 1591; x_wconf 92' lang='lat' dir='ltr'>ut</span> <span class='ocrx_word' id='word_1_111' title='bbox 1096 1551 1164 1592; x_wconf 90' lang='lat' dir='ltr'>mos</span> 
     </span>
     <span class='ocr_line' id='line_1_15' title="bbox 91 1617 1166 1703; baseline 0.001 -19"><span class='ocrx_word' id='word_1_112' title='bbox 91 1693 94 1697; x_wconf 15' lang='lat'><strong>¹</strong></span> <span class='ocrx_word' id='word_1_113' title='bbox 142 1620 257 1697; x_wconf 81' lang='lat' dir='ltr'>fuerat,</span> <span class='ocrx_word' id='word_1_114' title='bbox 276 1629 346 1683; x_wconf 87' lang='lat' dir='ltr'>acta</span> <span class='ocrx_word' id='word_1_115' title='bbox 363 1627 480 1684; x_wconf 88' lang='lat' dir='ltr'>aestate</span> <span class='ocrx_word' id='word_1_116' title='bbox 497 1617 625 1682; x_wconf 90' lang='lat' dir='ltr'>retrahit</span> <span class='ocrx_word' id='word_1_117' title='bbox 642 1617 747 1703; x_wconf 93' lang='lat' dir='ltr'>copias</span> <span class='ocrx_word' id='word_1_118' title='bbox 766 1627 820 1682; x_wconf 87' lang='lat' dir='ltr'>aut</span> <span class='ocrx_word' id='word_1_119' title='bbox 836 1619 869 1682; x_wconf 93' lang='lat' dir='ltr'>in</span> <span class='ocrx_word' id='word_1_120' title='bbox 886 1618 1094 1684; x_wconf 80' lang='lat' dir='ltr'>hibernaculis</span> <span class='ocrx_word' id='word_1_121' title='bbox 1111 1643 1166 1685; x_wconf 87' lang='lat' dir='ltr'>ve-</span> 
     </span>
    </p>
   </div>
   <div class='ocr_carea' id='block_1_3' title="bbox 26 1710 1164 1802">
    <p class='ocr_par' dir='ltr' id='par_1_3' title="bbox 26 1710 1164 1802">
     <span class='ocr_line' id='line_1_16' title="bbox 26 1710 1164 1802; baseline 0.002 -26"><span class='ocrx_word' id='word_1_122' title='bbox 26 1743 30 1753; x_wconf 92' lang='lat'>·</span> <span class='ocrx_word' id='word_1_123' title='bbox 143 1713 215 1777; x_wconf 90' lang='lat' dir='ltr'>teris</span> <span class='ocrx_word' id='word_1_124' title='bbox 234 1712 411 1797; x_wconf 83' lang='lat' dir='ltr'>provinciae</span> <span class='ocrx_word' id='word_1_125' title='bbox 430 1710 596 1795; x_wconf 90' lang='lat' dir='ltr'>componit,</span> <span class='ocrx_word' id='word_1_126' title='bbox 616 1711 672 1775; x_wconf 89' lang='lat' dir='ltr'>sed</span> <span class='ocrx_word' id='word_1_127' title='bbox 689 1721 724 1775; x_wconf 87' lang='lat' dir='ltr'>ut</span> <span class='ocrx_word' id='word_1_128' title='bbox 741 1711 775 1774; x_wconf 91' lang='lat' dir='ltr'>in</span> <span class='ocrx_word' id='word_1_129' title='bbox 791 1711 897 1776; x_wconf 88' lang='lat' dir='ltr'>limine</span> <span class='ocrx_word' id='word_1_130' title='bbox 915 1712 989 1777; x_wconf 90' lang='lat' dir='ltr'>belli</span> <span class='ocrx_word' id='word_1_131' title='bbox 1006 1713 1164 1802; x_wconf 87' lang='lat' dir='ltr'>dispositis</span> 
     </span>
    </p>
   </div>
   <div class='ocr_carea' id='block_1_4' title="bbox 68 1804 1220 3667">
    <p class='ocr_par' dir='ltr' id='par_1_4' title="bbox 143 1804 1169 2808">
     <span class='ocr_line' id='line_1_17' title="bbox 143 1804 1165 1892; baseline 0.001 -21"><span class='ocrx_word' id='word_1_132' title='bbox 143 1806 292 1883; x_wconf 91' lang='lat' dir='ltr'>castellis,</span> <span class='ocrx_word' id='word_1_133' title='bbox 318 1828 375 1891; x_wconf 93' lang='lat' dir='ltr'>per</span> <span class='ocrx_word' id='word_1_134' title='bbox 392 1804 558 1889; x_wconf 36' lang='lat' dir='ltr'>,expeditos</span> <span class='ocrx_word' id='word_1_135' title='bbox 577 1813 608 1868; x_wconf 84' lang='lat' dir='ltr'>et</span> <span class='ocrx_word' id='word_1_136' title='bbox 630 1804 832 1868; x_wconf 87' lang='lat' dir='ltr'>solitudinum</span> <span class='ocrx_word' id='word_1_137' title='bbox 853 1828 968 1892; x_wconf 89' lang='lat' dir='ltr'>gnaros</span> <span class='ocrx_word' id='word_1_138' title='bbox 994 1818 1165 1872; x_wconf 86' lang='lat' dir='ltr'>mutantem</span> 
     </span>
     <span class='ocr_line' id='line_1_18' title="bbox 143 1896 1165 1986; baseline 0.002 -23"><span class='ocrx_word' id='word_1_139' title='bbox 143 1899 279 1985; x_wconf 85' lang='lat' dir='ltr'>mapalia</span> <span class='ocrx_word' id='word_1_140' title='bbox 292 1896 523 1963; x_wconf 85' lang='lat' dir='ltr'>Tacfarinatem</span> <span class='ocrx_word' id='word_1_141' title='bbox 535 1896 748 1982; x_wconf 83' lang='lat' dir='ltr'>proturbabat,</span> <span class='ocrx_word' id='word_1_142' title='bbox 768 1898 867 1963; x_wconf 90' lang='lat' dir='ltr'>donec</span> <span class='ocrx_word' id='word_1_143' title='bbox 880 1899 975 1963; x_wconf 86' lang='lat' dir='ltr'>fratre</span> <span class='ocrx_word' id='word_1_144' title='bbox 989 1900 1055 1964; x_wconf 91' lang='lat' dir='ltr'>eius</span> <span class='ocrx_word' id='word_1_145' title='bbox 1074 1910 1165 1986; x_wconf 90' lang='lat' dir='ltr'>capto</span> 
     </span>
     <span class='ocr_line' id='line_1_19' title="bbox 143 1991 1166 2079; baseline 0.002 -22"><span class='ocrx_word' id='word_1_146' title='bbox 143 2015 304 2079; x_wconf 88' lang='lat' dir='ltr'>regressus</span> <span class='ocrx_word' id='word_1_147' title='bbox 323 2001 380 2069; x_wconf 90' lang='lat' dir='ltr'>est,</span> <span class='ocrx_word' id='word_1_148' title='bbox 398 1991 615 2077; x_wconf 83' lang='lat' dir='ltr'>properantius</span> <span class='ocrx_word' id='word_1_149' title='bbox 629 1999 734 2055; x_wconf 91' lang='lat' dir='ltr'>tamen</span> <span class='ocrx_word' id='word_1_150' title='bbox 746 2013 841 2075; x_wconf 91' lang='lat' dir='ltr'>quam</span> <span class='ocrx_word' id='word_1_151' title='bbox 860 2014 900 2056; x_wconf 85' lang='lat' dir='ltr'>ex</span> <span class='ocrx_word' id='word_1_152' title='bbox 916 1993 1048 2058; x_wconf 86' lang='lat' dir='ltr'>utilitate</span> <span class='ocrx_word' id='word_1_153' title='bbox 1067 1995 1166 2059; x_wconf 92' lang='lat' dir='ltr'>socio-</span> 
     </span>
     <span class='ocr_line' id='line_1_20' title="bbox 143 2085 1165 2170; baseline 0 -19"><span class='ocrx_word' id='word_1_154' title='bbox 143 2109 228 2162; x_wconf 92' lang='lat' dir='ltr'>rum,</span> <span class='ocrx_word' id='word_1_155' title='bbox 254 2085 369 2149; x_wconf 91' lang='lat' dir='ltr'>relictis</span> <span class='ocrx_word' id='word_1_156' title='bbox 395 2107 452 2169; x_wconf 92' lang='lat' dir='ltr'>per</span> <span class='ocrx_word' id='word_1_157' title='bbox 478 2106 555 2167; x_wconf 92' lang='lat' dir='ltr'>quos</span> <span class='ocrx_word' id='word_1_158' title='bbox 581 2094 758 2170; x_wconf 88' lang='lat' dir='ltr'>resurgeret</span> <span class='ocrx_word' id='word_1_159' title='bbox 782 2085 908 2149; x_wconf 88' lang='lat' dir='ltr'>bellurn.</span> <span class='ocrx_word' id='word_1_160' title='bbox 942 2087 998 2150; x_wconf 90' lang='lat' dir='ltr'>sed</span> <span class='ocrx_word' id='word_1_161' title='bbox 1020 2086 1165 2151; x_wconf 87' lang='lat' dir='ltr'>Tiberius</span> 
     </span>
     <span class='ocr_line' id='line_1_21' title="bbox 143 2177 1167 2266; baseline -0.001 -22"><span class='ocrx_word' id='word_1_162' title='bbox 143 2202 200 2266; x_wconf 90' lang='lat' dir='ltr'>pro</span> <span class='ocrx_word' id='word_1_163' title='bbox 218 2179 359 2244; x_wconf 86' lang='lat' dir='ltr'>confecto</span> <span class='ocrx_word' id='word_1_164' title='bbox 377 2178 594 2263; x_wconf 88' lang='lat' dir='ltr'>interpretatus</span> <span class='ocrx_word' id='word_1_165' title='bbox 611 2178 645 2241; x_wconf 91' lang='lat' dir='ltr'>id</span> <span class='ocrx_word' id='word_1_166' title='bbox 663 2199 785 2260; x_wconf 91' lang='lat' dir='ltr'>quoque</span> <span class='ocrx_word' id='word_1_167' title='bbox 799 2177 915 2243; x_wconf 88' lang='lat' dir='ltr'>Blaeso</span> <span class='ocrx_word' id='word_1_168' title='bbox 933 2178 1040 2243; x_wconf 87' lang='lat' dir='ltr'>tribuit</span> <span class='ocrx_word' id='word_1_169' title='bbox 1057 2189 1092 2243; x_wconf 92' lang='lat' dir='ltr'>ut</span> <span class='ocrx_word' id='word_1_170' title='bbox 1109 2180 1167 2243; x_wconf 93' lang='lat' dir='ltr'>im-</span> 
     </span>
     <span class='ocr_line' id='line_1_22' title="bbox 144 2270 1165 2358; baseline 0 -22"><span class='ocrx_word' id='word_1_171' title='bbox 144 2282 268 2358; x_wconf 90' lang='lat' dir='ltr'>perator</span> <span class='ocrx_word' id='word_1_172' title='bbox 281 2295 301 2336; x_wconf 92' lang='lat' dir='ltr'>a</span> <span class='ocrx_word' id='word_1_173' title='bbox 312 2270 487 2357; x_wconf 84' lang='lat' dir='ltr'>legionibus</span> <span class='ocrx_word' id='word_1_174' title='bbox 506 2270 699 2347; x_wconf 86' lang='lat' dir='ltr'>salutaretur,</span> <span class='ocrx_word' id='word_1_175' title='bbox 718 2272 822 2356; x_wconf 86' lang='lat' dir='ltr'>prisco</span> <span class='ocrx_word' id='word_1_176' title='bbox 836 2294 912 2356; x_wconf 89' lang='lat' dir='ltr'>erga</span> <span class='ocrx_word' id='word_1_177' title='bbox 929 2272 1025 2336; x_wconf 91' lang='lat' dir='ltr'>duces</span> <span class='ocrx_word' id='word_1_178' title='bbox 1039 2272 1165 2349; x_wconf 90' lang='lat' dir='ltr'>honore,</span> 
     </span>
     <span class='ocr_line' id='line_1_23' title="bbox 144 2363 1168 2450; baseline -0.001 -21"><span class='ocrx_word' id='word_1_179' title='bbox 144 2366 199 2448; x_wconf 92' lang='lat' dir='ltr'>qui</span> <span class='ocrx_word' id='word_1_180' title='bbox 216 2365 295 2430; x_wconf 88' lang='lat' dir='ltr'>bene</span> <span class='ocrx_word' id='word_1_181' title='bbox 313 2373 404 2450; x_wconf 88' lang='lat' dir='ltr'>gesta</span> <span class='ocrx_word' id='word_1_182' title='bbox 420 2385 454 2428; x_wconf 91' lang='lat' dir='ltr'>re</span> <span class='ocrx_word' id='word_1_183' title='bbox 470 2363 597 2449; x_wconf 90' lang='lat' dir='ltr'>publica</span> <span class='ocrx_word' id='word_1_184' title='bbox 613 2365 728 2450; x_wconf 88' lang='lat' dir='ltr'>gaudio</span> <span class='ocrx_word' id='word_1_185' title='bbox 751 2373 782 2428; x_wconf 91' lang='lat' dir='ltr'>et</span> <span class='ocrx_word' id='word_1_186' title='bbox 799 2365 918 2449; x_wconf 90' lang='lat' dir='ltr'>impetu</span> <span class='ocrx_word' id='word_1_187' title='bbox 935 2364 1060 2429; x_wconf 84' lang='lat' dir='ltr'>victoris</span> <span class='ocrx_word' id='word_1_188' title='bbox 1080 2387 1168 2429; x_wconf 89' lang='lat' dir='ltr'>exer-</span> 
     </span>
     <span class='ocr_line' id='line_1_24' title="bbox 146 2452 1166 2544; baseline 0.001 -21"><span class='ocrx_word' id='word_1_189' title='bbox 146 2460 224 2524; x_wconf 89' lang='lat' dir='ltr'>citus</span> <span class='ocrx_word' id='word_1_190' title='bbox 247 2452 535 2536; x_wconf 83' lang='lat' dir='ltr'>conclamabantur3</span> <span class='ocrx_word' id='word_1_191' title='bbox 558 2467 706 2541; x_wconf 90' lang='lat' dir='ltr'>erantque</span> <span class='ocrx_word' id='word_1_192' title='bbox 723 2458 828 2543; x_wconf 91' lang='lat' dir='ltr'>plures</span> <span class='ocrx_word' id='word_1_193' title='bbox 852 2458 944 2523; x_wconf 90' lang='lat' dir='ltr'>simul</span> <span class='ocrx_word' id='word_1_194' title='bbox 965 2459 1166 2544; x_wconf 89' lang='lat' dir='ltr'>imperatores</span> 
     </span>
     <span class='ocr_line' id='line_1_25' title="bbox 145 2544 1168 2639; baseline 0 -22"><span class='ocrx_word' id='word_1_195' title='bbox 145 2577 204 2618; x_wconf 89' lang='lat' dir='ltr'>nec</span> <span class='ocrx_word' id='word_1_196' title='bbox 230 2576 323 2639; x_wconf 90' lang='lat' dir='ltr'>super</span> <span class='ocrx_word' id='word_1_197' title='bbox 345 2544 517 2625; x_wconf 49' lang='lat' dir='ltr'>cetero*</span> <span class='ocrx_word' id='word_1_198' title='bbox 538 2553 766 2636; x_wconf 87' lang='lat' dir='ltr'>aequalitatem.</span> <span class='ocrx_word' id='word_1_199' title='bbox 799 2553 954 2618; x_wconf 88' lang='lat' dir='ltr'>concessit</span> <span class='ocrx_word' id='word_1_200' title='bbox 980 2552 1168 2636; x_wconf 90' lang='lat' dir='ltr'>quibusdam</span> 
     </span>
     <span class='ocr_line' id='line_1_26' title="bbox 146 2645 1169 2734; baseline 0.003 -24"><span class='ocrx_word' id='word_1_201' title='bbox 146 2656 177 2711; x_wconf 92' lang='lat' dir='ltr'>et</span> <span class='ocrx_word' id='word_1_202' title='bbox 197 2645 364 2732; x_wconf 86' lang='lat' dir='ltr'>Augustus</span> <span class='ocrx_word' id='word_1_203' title='bbox 386 2646 420 2710; x_wconf 93' lang='lat' dir='ltr'>id</span> <span class='ocrx_word' id='word_1_204' title='bbox 440 2645 629 2711; x_wconf 87' lang='lat' dir='ltr'>vocabulum</span> <span class='ocrx_word' id='word_1_205' title='bbox 652 2668 688 2711; x_wconf 93' lang='lat' dir='ltr'>ac</span> <span class='ocrx_word' id='word_1_206' title='bbox 711 2654 785 2710; x_wconf 89' lang='lat' dir='ltr'>tunc</span> <span class='ocrx_word' id='word_1_207' title='bbox 808 2646 953 2712; x_wconf 84' lang='lat' dir='ltr'>Tiberius</span> <span class='ocrx_word' id='word_1_208' title='bbox 975 2646 1091 2717; x_wconf 89' lang='lat' dir='ltr'>Blaeso</span> <span class='ocrx_word' id='word_1_209' title='bbox 1112 2669 1169 2734; x_wconf 92' lang='lat' dir='ltr'>po-</span> 
     </span>
     <span class='ocr_line' id='line_1_27' title="bbox 148 2749 557 2808; baseline -0.01 -3"><span class='ocrx_word' id='word_1_210' title='bbox 148 2749 307 2805; x_wconf 89' lang='lat' dir='ltr'>stremum.</span> <span class='ocrx_word' id='word_1_211' title='bbox 554 2804 557 2808; x_wconf 69' lang='grc'><em>,</em></span> 
     </span>
    </p>

    <p class='ocr_par' dir='ltr' id='par_1_5' title="bbox 68 2832 1220 3106">
     <span class='ocr_line' id='line_1_28' title="bbox 210 2832 1220 2914; baseline 0.005 -16"><span class='ocrx_word' id='word_1_212' title='bbox 210 2832 329 2898; x_wconf 89' lang='lat' dir='ltr'>Obiere</span> <span class='ocrx_word' id='word_1_213' title='bbox 338 2845 380 2898; x_wconf 83' lang='lat' dir='ltr'>&#39;eo</span> <span class='ocrx_word' id='word_1_214' title='bbox 394 2855 475 2901; x_wconf 89' lang='lat' dir='ltr'>anno</span> <span class='ocrx_word' id='word_1_215' title='bbox 489 2834 547 2898; x_wconf 88' lang='lat' dir='ltr'>viri</span> <span class='ocrx_word' id='word_1_216' title='bbox 560 2835 708 2900; x_wconf 89' lang='lat' dir='ltr'>inlustres</span> <span class='ocrx_word' id='word_1_217' title='bbox 719 2833 851 2900; x_wconf 87' lang='lat' dir='ltr'>Asinius</span> <span class='ocrx_word' id='word_1_218' title='bbox 867 2834 1044 2914; x_wconf 89' lang='lat' dir='ltr'>Saloninus,</span> <span class='ocrx_word' id='word_1_219' title='bbox 1059 2835 1169 2903; x_wconf 83' lang='lat' dir='ltr'>Marco</span> <span class='ocrx_word' id='word_1_220' title='bbox 1190 2857 1220 2903; x_wconf 81' lang='lat'>75</span> 
     </span>
     <span class='ocr_line' id='line_1_29' title="bbox 146 2926 1169 3016; baseline 0.005 -26"><span class='ocrx_word' id='word_1_221' title='bbox 146 2927 291 3014; x_wconf 87' lang='lat' dir='ltr'>Agrippa</span> <span class='ocrx_word' id='word_1_222' title='bbox 317 2937 348 2990; x_wconf 89' lang='lat' dir='ltr'>et</span> <span class='ocrx_word' id='word_1_223' title='bbox 368 2926 510 2991; x_wconf 92' lang='lat' dir='ltr'>Pollione</span> <span class='ocrx_word' id='word_1_224' title='bbox 532 2926 645 2994; x_wconf 88' lang='lat' dir='ltr'>Asinio</span> <span class='ocrx_word' id='word_1_225' title='bbox 668 2929 750 3006; x_wconf 84' lang='lat' dir='ltr'>avis,</span> <span class='ocrx_word' id='word_1_226' title='bbox 777 2928 872 2993; x_wconf 87' lang='lat' dir='ltr'>fratre</span> <span class='ocrx_word' id='word_1_227' title='bbox 893 2929 1001 2994; x_wconf 89' lang='lat' dir='ltr'>Druso</span> <span class='ocrx_word' id='word_1_228' title='bbox 1016 2930 1169 3016; x_wconf 83' lang='lat' dir='ltr'>insignis,</span> 
     </span>
     <span class='ocr_line' id='line_1_30' title="bbox 68 3018 1171 3106; baseline 0.002 -21"><span class='ocrx_word' id='word_1_229' title='bbox 68 3056 71 3061; x_wconf 94' lang='lat'>·</span> <span class='ocrx_word' id='word_1_230' title='bbox 150 3018 340 3103; x_wconf 86' lang='lat' dir='ltr'>Caesarique</span> <span class='ocrx_word' id='word_1_231' title='bbox 357 3041 512 3105; x_wconf 88' lang='lat' dir='ltr'>progener</span> <span class='ocrx_word' id='word_1_232' title='bbox 529 3020 712 3098; x_wconf 89' lang='lat' dir='ltr'>destinatus,</span> <span class='ocrx_word' id='word_1_233' title='bbox 731 3030 762 3085; x_wconf 89' lang='lat' dir='ltr'>et</span> <span class='ocrx_word' id='word_1_234' title='bbox 781 3019 894 3106; x_wconf 87' lang='lat' dir='ltr'>Capito</span> <span class='ocrx_word' id='word_1_235' title='bbox 908 3021 1032 3100; x_wconf 89' lang='lat' dir='ltr'>Ateius,</span> <span class='ocrx_word' id='word_1_236' title='bbox 1051 3022 1171 3106; x_wconf 90' lang='lat' dir='ltr'>dequo</span> 
     </span>
    </p>

    <p class='ocr_par' dir='ltr' id='par_1_6' title="bbox 85 3112 1173 3667">
     <span class='ocr_line' id='line_1_31' title="bbox 85 3112 1170 3198; baseline 0.003 -20"><span class='ocrx_word' id='word_1_237' title='bbox 85 3138 88 3144; x_wconf 93' lang='lat'>·</span> <span class='ocrx_word' id='word_1_238' title='bbox 148 3114 331 3191; x_wconf 91' lang='lat' dir='ltr'>memoravi,</span> <span class='ocrx_word' id='word_1_239' title='bbox 357 3114 529 3198; x_wconf 89' lang='lat' dir='ltr'>prinoipem</span> <span class='ocrx_word' id='word_1_240' title='bbox 554 3115 587 3177; x_wconf 94' lang='lat' dir='ltr'>in</span> <span class='ocrx_word' id='word_1_241' title='bbox 609 3115 732 3179; x_wconf 91' lang='lat' dir='ltr'>civitate</span> <span class='ocrx_word' id='word_1_242' title='bbox 758 3115 863 3179; x_wconf 77' lang='lat' dir='ltr'>locum</span> <span class='ocrx_word' id='word_1_243' title='bbox 890 3116 1010 3181; x_wconf 88' lang='lat' dir='ltr'>studiis.</span> <span class='ocrx_word' id='word_1_244' title='bbox 1028 3112 1170 3181; x_wconf 89' lang='lat' dir='ltr'>civilibus</span> 
     </span>
     <span class='ocr_line' id='line_1_32' title="bbox 149 3206 1170 3294; baseline 0.001 -21"><span class='ocrx_word' id='word_1_245' title='bbox 149 3209 330 3285; x_wconf 88' lang='lat' dir='ltr'>adsecutus,</span> <span class='ocrx_word' id='word_1_246' title='bbox 358 3208 413 3273; x_wconf 91' lang='lat' dir='ltr'>sed</span> <span class='ocrx_word' id='word_1_247' title='bbox 436 3230 494 3294; x_wconf 76' lang='lat' dir='ltr'>aro</span> <span class='ocrx_word' id='word_1_248' title='bbox 517 3207 694 3272; x_wconf 85' lang='lat' dir='ltr'>centurione</span> <span class='ocrx_word' id='word_1_249' title='bbox 719 3206 862 3285; x_wconf 83' lang='lat' dir='ltr'>Sullano,</span> <span class='ocrx_word' id='word_1_250' title='bbox 889 3218 977 3292; x_wconf 89' lang='lat' dir='ltr'>patre</span> <span class='ocrx_word' id='word_1_251' title='bbox 1002 3211 1170 3293; x_wconf 86' lang='lat' dir='ltr'>praetori03</span> 
     </span>
     <span class='ocr_line' id='line_1_33' title="bbox 150 3300 1171 3388; baseline -0.002 -21"><span class='ocrx_word' id='word_1_252' title='bbox 150 3300 344 3368; x_wconf 88' lang='lat' dir='ltr'>consulatum</span> <span class='ocrx_word' id='word_1_253' title='bbox 362 3301 391 3366; x_wconf 91' lang='lat' dir='ltr'>ei</span> <span class='ocrx_word' id='word_1_254' title='bbox 408 3302 637 3366; x_wconf 87' lang='lat' dir='ltr'>adceleraverat</span> <span class='ocrx_word' id='word_1_255' title='bbox 653 3300 831 3388; x_wconf 87' lang='lat' dir='ltr'>Augustus,</span> <span class='ocrx_word' id='word_1_256' title='bbox 851 3311 885 3364; x_wconf 90' lang='lat' dir='ltr'>ut</span> <span class='ocrx_word' id='word_1_257' title='bbox 901 3301 1085 3366; x_wconf 89' lang='lat' dir='ltr'>Labeonem</span> <span class='ocrx_word' id='word_1_258' title='bbox 1103 3300 1171 3366; x_wconf 91' lang='lat' dir='ltr'>An-</span> 
     </span>
     <span class='ocr_line' id='line_1_34' title="bbox 150 3395 1172 3481; baseline -0.003 -18"><span class='ocrx_word' id='word_1_259' title='bbox 150 3397 268 3478; x_wconf 87' lang='lat' dir='ltr'>tistium</span> <span class='ocrx_word' id='word_1_260' title='bbox 289 3397 390 3462; x_wconf 90' lang='lat' dir='ltr'>isdem</span> <span class='ocrx_word' id='word_1_261' title='bbox 415 3395 533 3461; x_wconf 89' lang='lat' dir='ltr'>artibus</span> <span class='ocrx_word' id='word_1_262' title='bbox 555 3395 793 3480; x_wconf 89' lang='lat' dir='ltr'>praecellentem</span> <span class='ocrx_word' id='word_1_263' title='bbox 816 3395 994 3481; x_wconf 89' lang='lat' dir='ltr'>dignatione</span> <span class='ocrx_word' id='word_1_264' title='bbox 1017 3397 1083 3460; x_wconf 91' lang='lat' dir='ltr'>eius</span> <span class='ocrx_word' id='word_1_265' title='bbox 1106 3419 1172 3460; x_wconf 90' lang='lat' dir='ltr'>ma-</span> 
     </span>
     <span class='ocr_line' id='line_1_35' title="bbox 150 3489 1173 3576; baseline -0.002 -21"><span class='ocrx_word' id='word_1_266' title='bbox 150 3491 297 3576; x_wconf 87' lang='lat' dir='ltr'>gistratus</span> <span class='ocrx_word' id='word_1_267' title='bbox 316 3489 460 3556; x_wconf 88' lang='lat' dir='ltr'>anteiret:</span> <span class='ocrx_word' id='word_1_268' title='bbox 487 3511 622 3572; x_wconf 89' lang='lat' dir='ltr'>namque</span> <span class='ocrx_word' id='word_1_269' title='bbox 640 3489 694 3552; x_wconf 91' lang='lat' dir='ltr'>illa</span> <span class='ocrx_word' id='word_1_270' title='bbox 711 3499 796 3552; x_wconf 86' lang='lat' dir='ltr'>aetas</span> <span class='ocrx_word' id='word_1_271' title='bbox 815 3489 878 3553; x_wconf 94' lang='lat' dir='ltr'>duo</span> <span class='ocrx_word' id='word_1_272' title='bbox 895 3489 982 3573; x_wconf 90' lang='lat' dir='ltr'>pacis</span> <span class='ocrx_word' id='word_1_273' title='bbox 1001 3489 1114 3553; x_wconf 89' lang='lat' dir='ltr'>decora</span> <span class='ocrx_word' id='word_1_274' title='bbox 1131 3489 1173 3553; x_wconf 91' lang='lat' dir='ltr'>si-</span> 
     </span>
     <span class='ocr_line' id='line_1_36' title="bbox 150 3581 1172 3667; baseline -0.002 -19"><span class='ocrx_word' id='word_1_275' title='bbox 150 3584 215 3659; x_wconf 92' lang='lat' dir='ltr'>mul</span> <span class='ocrx_word' id='word_1_276' title='bbox 235 3585 319 3662; x_wconf 86' lang='lat' dir='ltr'>tulit3</span> <span class='ocrx_word' id='word_1_277' title='bbox 342 3584 399 3648; x_wconf 87' lang='lat' dir='ltr'>sed</span> <span class='ocrx_word' id='word_1_278' title='bbox 419 3583 530 3648; x_wconf 90' lang='lat' dir='ltr'>Labeo</span> <span class='ocrx_word' id='word_1_279' title='bbox 553 3583 731 3667; x_wconf 87' lang='lat' dir='ltr'>incorrupta</span> <span class='ocrx_word' id='word_1_280' title='bbox 752 3582 894 3647; x_wconf 88' lang='lat' dir='ltr'>libertate</span> <span class='ocrx_word' id='word_1_281' title='bbox 917 3591 948 3645; x_wconf 91' lang='lat' dir='ltr'>et</span> <span class='ocrx_word' id='word_1_282' title='bbox 970 3581 1010 3646; x_wconf 90' lang='lat' dir='ltr'>ob</span> <span class='ocrx_word' id='word_1_283' title='bbox 1032 3582 1065 3645; x_wconf 91' lang='lat' dir='ltr'>id</span> <span class='ocrx_word' id='word_1_284' title='bbox 1087 3581 1172 3646; x_wconf 88' lang='lat' dir='ltr'>sama</span> 
     </span>
    </p>
   </div>
   <div class='ocr_carea' id='block_1_5' title="bbox 150 3671 1369 3856">
    <p class='ocr_par' dir='ltr' id='par_1_7' title="bbox 150 3671 1369 3856">
     <span class='ocr_line' id='line_1_37' title="bbox 151 3671 1357 3764; baseline -0.002 -22"><span class='ocrx_word' id='word_1_285' title='bbox 151 3677 344 3743; x_wconf 88' lang='lat' dir='ltr'>celebratior:</span> <span class='ocrx_word' id='word_1_286' title='bbox 365 3671 526 3762; x_wconf 86' lang='lat' dir='ltr'>Capitonis</span> <span class='ocrx_word' id='word_1_287' title='bbox 540 3675 725 3759; x_wconf 89' lang='lat' dir='ltr'>obsequium</span> <span class='ocrx_word' id='word_1_288' title='bbox 739 3675 969 3740; x_wconf 88' lang='lat' dir='ltr'>dominantibus</span> <span class='ocrx_word' id='word_1_289' title='bbox 983 3675 1084 3761; x_wconf 82' lang='lat' dir='ltr'>magis</span> <span class='ocrx_word' id='word_1_290' title='bbox 1100 3698 1173 3760; x_wconf 89' lang='lat' dir='ltr'>pro-</span> <span class='ocrx_word' id='word_1_291' title='bbox 1286 3681 1330 3756; x_wconf 41' lang='lat'>„³</span> <span class='ocrx_word' id='word_1_292' title='bbox 1352 3753 1357 3764; x_wconf 19' lang='lat' dir='ltr'>x</span> 
     </span>
     <span class='ocr_line' id='line_1_38' title="bbox 150 3767 1369 3856; baseline -0.003 -21"><span class='ocrx_word' id='word_1_293' title='bbox 150 3770 296 3848; x_wconf 83' lang='lat' dir='ltr'>bebatur3</span> <span class='ocrx_word' id='word_1_294' title='bbox 314 3770 367 3847; x_wconf 93' lang='lat' dir='ltr'>illi,</span> <span class='ocrx_word' id='word_1_295' title='bbox 387 3770 471 3854; x_wconf 92' lang='lat' dir='ltr'>quod</span> <span class='ocrx_word' id='word_1_296' title='bbox 488 3778 664 3856; x_wconf 90' lang='lat' dir='ltr'>praeturam</span> <span class='ocrx_word' id='word_1_297' title='bbox 677 3769 758 3834; x_wconf 91' lang='lat' dir='ltr'>intra</span> <span class='ocrx_word' id='word_1_298' title='bbox 776 3767 869 3846; x_wconf 89' lang='lat' dir='ltr'>stetit,</span> <span class='ocrx_word' id='word_1_299' title='bbox 888 3768 1114 3833; x_wconf 87' lang='lat' dir='ltr'>commendatio</span> <span class='ocrx_word' id='word_1_300' title='bbox 1133 3791 1173 3832; x_wconf 87' lang='lat' dir='ltr'>cx</span> <span class='ocrx_word' id='word_1_301' title='bbox 1358 3813 1369 3828; x_wconf 34' lang='grc' dir='ltr'>,ι</span> 
     </span>
    </p>
   </div>
   <div class='ocr_carea' id='block_1_6' title="bbox 151 3861 1222 4218">
    <p class='ocr_par' dir='ltr' id='par_1_8' title="bbox 151 3861 1173 3949">
     <span class='ocr_line' id='line_1_39' title="bbox 151 3861 1173 3949; baseline -0.001 -22"><span class='ocrx_word' id='word_1_302' title='bbox 151 3863 279 3928; x_wconf 87' lang='lat' dir='ltr'>iniuria:</span> <span class='ocrx_word' id='word_1_303' title='bbox 297 3864 380 3941; x_wconf 92' lang='lat' dir='ltr'>huic,</span> <span class='ocrx_word' id='word_1_304' title='bbox 400 3864 484 3946; x_wconf 92' lang='lat' dir='ltr'>quod</span> <span class='ocrx_word' id='word_1_305' title='bbox 501 3862 697 3928; x_wconf 86' lang='lat' dir='ltr'>consulatum</span> <span class='ocrx_word' id='word_1_306' title='bbox 715 3863 847 3949; x_wconf 88' lang='lat' dir='ltr'>adeptus</span> <span class='ocrx_word' id='word_1_307' title='bbox 866 3872 927 3940; x_wconf 90' lang='lat' dir='ltr'>est,</span> <span class='ocrx_word' id='word_1_308' title='bbox 946 3862 1052 3927; x_wconf 91' lang='lat' dir='ltr'>odium</span> <span class='ocrx_word' id='word_1_309' title='bbox 1069 3883 1109 3926; x_wconf 86' lang='lat' dir='ltr'>ex</span> <span class='ocrx_word' id='word_1_310' title='bbox 1126 3861 1173 3926; x_wconf 89' lang='lat' dir='ltr'>in-</span> 
     </span>
    </p>

    <p class='ocr_par' dir='ltr' id='par_1_9' title="bbox 152 3958 1222 4218">
     <span class='ocr_line' id='line_1_40' title="bbox 152 3958 1169 4024; baseline 0 -2"><span class='ocrx_word' id='word_1_311' title='bbox 152 3958 235 4024; x_wconf 91' lang='lat' dir='ltr'>vidia</span> <span class='ocrx_word' id='word_1_312' title='bbox 252 3959 416 4024; x_wconf 89' lang='lat' dir='ltr'>oriebatur.</span> <span class='ocrx_word' id='word_1_313' title='bbox 1167 3986 1169 3991; x_wconf 63' lang='grc'>’</span> 
     </span>
     <span class='ocr_line' id='line_1_41' title="bbox 214 4051 1222 4138; baseline 0.001 -21"><span class='ocrx_word' id='word_1_314' title='bbox 214 4052 259 4117; x_wconf 89' lang='lat' dir='ltr'>Et</span> <span class='ocrx_word' id='word_1_315' title='bbox 276 4052 368 4118; x_wconf 90' lang='lat' dir='ltr'>Iunia</span> <span class='ocrx_word' id='word_1_316' title='bbox 386 4052 582 4138; x_wconf 86' lang='lat' dir='ltr'>sexagesimo</span> <span class='ocrx_word' id='word_1_317' title='bbox 604 4060 714 4135; x_wconf 88' lang='lat' dir='ltr'>quarto</span> <span class='ocrx_word' id='word_1_318' title='bbox 732 4061 804 4137; x_wconf 90' lang='lat' dir='ltr'>post</span> <span class='ocrx_word' id='word_1_319' title='bbox 821 4051 1056 4137; x_wconf 89' lang='lat' dir='ltr'>Philippensem</span> <span class='ocrx_word' id='word_1_320' title='bbox 1074 4053 1172 4118; x_wconf 90' lang='lat' dir='ltr'>aciem</span> <span class='ocrx_word' id='word_1_321' title='bbox 1192 4070 1222 4118; x_wconf 81' lang='lat'>76</span> 
     </span>
     <span class='ocr_line' id='line_1_42' title="bbox 207 4163 1002 4218; baseline -0.003 -6"><span class='ocrx_word' id='word_1_322' title='bbox 207 4169 278 4214; x_wconf 79' lang='lat' dir='ltr'>Taciti</span> <span class='ocrx_word' id='word_1_323' title='bbox 287 4170 328 4213; x_wconf 85' lang='lat' dir='ltr'>ool.</span> <span class='ocrx_word' id='word_1_324' title='bbox 339 4168 356 4211; x_wconf 91' lang='lat' dir='ltr'>l.</span> <span class='ocrx_word' id='word_1_325' title='bbox 984 4163 1002 4218; x_wconf 89' lang='lat'><em>8</em></span> 
     </span>
    </p>
   </div>
   <div class='ocr_carea' id='block_1_7' title="bbox 1121 4464 1210 4585">
    <p class='ocr_par' dir='ltr' id='par_1_10' title="bbox 1121 4464 1210 4585">
     <span class='ocr_line' id='line_1_43' title="bbox 1121 4464 1210 4585; baseline 0 0"><span class='ocrx_word' id='word_1_326' title='bbox 1121 4464 1210 4585; x_wconf 56' lang='lat' dir='ltr'>a&amp;</span> 
     </span>
    </p>
   </div>
   <div class='ocr_carea' id='block_1_8' title="bbox 0 0 1400 4874">
    <p class='ocr_par' dir='ltr' id='par_1_11' title="bbox 0 0 1400 4874">
     <span class='ocr_line' id='line_1_44' title="bbox 0 0 1400 4874; baseline 0 0"><span class='ocrx_word' id='word_1_327' title='bbox 0 0 1400 4874; x_wconf 95' lang='lat' dir='ltr'> </span> 
     </span>
    </p>
   </div>
  </div>
 </body>
</html>
