2760 4874
594 186 626 245 ⁴³.

384 408 591 467 auuanrmr
609 409 682 464 nm.
697 409 778 464 xm.
797 386 916 464 arr-as.
1097 400 1160 464 243
1239 420 1257 461 a

138 515 158 553 p.
170 502 211 541 ch.
222 503 254 541 ss.

201 568 247 632 At
269 567 438 644 Tiridates,
467 590 562 651 super
583 568 723 653 proprias
747 567 905 632 clientelas
929 589 988 653 ope
1012 568 1162 656 Vologesi
1182 592 1213 640 37
1283 646 1286 653 ,

136 664 241 728 fratris
260 663 398 737 adiutus,
417 684 480 725 non
502 662 610 725 furtim
627 662 690 725 iam
709 662 764 727 sed
782 662 886 746 palam
909 662 989 727 bello
1008 664 1059 727 inf
1112 689 1163 751 arc

136 749 334 834 Armeniam,
353 779 494 840 quosque
512 757 592 821 fidos
610 757 701 822 nobis
719 757 858 834 rebatur,
876 684 1130 849 depopulari&¹
1138 763 1164 826 si

137 853 246 936 copiae
265 860 371 914 contra
385 851 579 928 ducerentur,
599 851 732 928 eludere,
752 851 876 933 hucque
895 862 925 915 et
938 852 1012 916 illuc
1029 854 1163 919 volitans

136 947 228 1031 plura
240 945 325 1008 fama
338 967 432 1028 quam
445 967 554 1030 pugna
571 953 734 1009 exterrere.
757 945 852 1030 igitur
867 943 1005 1010 Corbulo
1023 949 1164 1029 quaesito

137 1041 191 1104 diu
209 1039 326 1124 proelio
340 1040 456 1102 frustra
468 1038 593 1103 habitus
612 1049 642 1103 et
656 1040 799 1124 exemplo
812 1039 949 1103 hostium
968 1040 1164 1106 circumferre

137 1133 256 1199 bellum
278 1141 419 1209 coactus,
443 1133 585 1218 dispertit
602 1133 699 1211 vires,
722 1143 757 1196 ut
774 1132 869 1218 legati
890 1134 1101 1218 praefectique
1117 1136 1165 1199 di·

137 1249 246 1291 versos
268 1226 353 1290 locos
377 1225 493 1309 pariter
514 1227 709 1303 invaderent3
734 1226 826 1290 simul
848 1248 954 1312 regem
972 1226 1164 1292 Antiochum

137 1331 243 1385 monet
260 1320 418 1405 proximas
438 1320 497 1384 sibi
514 1320 726 1405 praefecturas
745 1331 864 1406 petere3
887 1345 960 1385 nam
977 1321 1165 1387 Pharasma-

138 1439 195 1480 nes
213 1415 375 1478 interfecto
394 1415 457 1479 filio
475 1415 660 1479 Radamisto
678 1416 769 1498 quasi
790 1416 961 1500 proditore,
985 1438 1048 1499 quo
1070 1416 1164 1481 fidem

137 1511 171 1574 in
187 1532 244 1574 nos
263 1517 442 1586 testaretur,
465 1518 557 1573 vetus
580 1510 730 1573 adversus
749 1507 916 1574 Armenios
936 1511 1042 1573 odium
1059 1533 1164 1596 prom-

136 1604 221 1690 ptius
236 1602 401 1667 exercebat
406 1627 414 1681 ;
434 1612 569 1685 tuncque
582 1603 718 1686 primum
731 1602 826 1666 illecti
840 1602 981 1682 Moschi,
993 1627 1072 1689 gens
1091 1615 1162 1668 ante

137 1698 214 1762 alias
238 1697 323 1760 socia
343 1696 509 1773 Romanis,
535 1697 605 1760 avia
626 1694 796 1760 Armeniae
818 1697 1002 1761 incursavit:
1025 1698 1069 1762 ita
1091 1720 1164 1762 con-

137 1792 207 1856 silia
220 1790 352 1854 Tiridati
369 1790 401 1853 in
415 1790 602 1853 contrarium
614 1789 785 1867 vertebant,
805 1790 1009 1873 mittebatque
1027 1803 1164 1856 oratores

137 1886 192 1968 qui
206 1908 262 1950 suo
276 1883 525 1966 Parthorumque
539 1884 664 1948 nomine
679 1884 920 1967 expostularent,
941 1907 996 1948 cnr
1013 1885 1093 1949 datis
1106 1909 1165 1948 nu-

136 2002 193 2066 per
216 1979 377 2044 obsidibus
404 1979 674 2063 redintegrataque
697 1980 845 2056 arnicitia,
873 2002 953 2063 quae
976 1981 1066 2045 novis
1087 2003 1165 2063 quo-

137 2095 199 2156 que
212 2073 371 2138 benefieiis
384 2072 489 2136 locum
503 2073 645 2157 aperiret,
664 2083 769 2137 vetere
782 2072 951 2137 Armeniae
965 2074 1164 2157 possessione

137 2166 450 2263 depelleretm3ffieo
472 2167 612 2230 nondum
633 2168 738 2251 ipsum
759 2166 942 2252 Vologesen
964 2177 1162 2244 commotum,

137 2261 212 2344 quia
225 2283 320 2324 causa
334 2264 429 2343 qulam
443 2261 474 2323 vi
488 2283 580 2346 agere
594 2260 735 2324 mallent:
754 2260 802 2324 sin
815 2270 1005 2345 perstaretur
1021 2261 1054 2324 in
1071 2260 1162 2337 bello,

137 2377 201 2418 non
223 2354 329 2418 defore
352 2350 515 2417 Arsacidis
542 2355 689 2418 iirtutem
711 2353 930 2437 fortunamque
954 2355 1078 2439 saepius
1101 2355 1164 2419 iam

139 2449 227 2512 clade
244 2448 389 2512 Romana
411 2458 580 2532 expertam.
609 2449 706 2511 adea
728 2446 881 2525 Corbulo,
906 2449 982 2512 satis
1006 2457 1164 2533 comperto

138 2541 320 2627 Vologesen
341 2541 516 2606 defectione
538 2541 717 2626 Hyrcaniae
740 2543 876 2618 attineri,
901 2541 1012 2606 suadet
1034 2542 1165 2605 Tiridati

138 2636 283 2722 precibus
307 2634 477 2700 Caesarem
500 2636 643 2721 aggredi:
666 2657 760 2720 posse
781 2635 826 2698 illi
847 2658 980 2720 regnum
1002 2634 1112 2699 stabile
1134 2646 1165 2699 et

139 2753 189 2794 res
207 2729 384 2793 incruentas
399 2729 587 2815 contingere,
608 2730 634 2794 si
651 2729 768 2793 omissa
782 2752 837 2814 spe
854 2729 1030 2815 longinqua
1047 2739 1079 2792 et
1096 2751 1166 2793 sera

138 2833 336 2909 praesentem
353 2823 567 2908 potioremque
586 2834 776 2907 sequeretur.

203 2917 358 2982 Placitum
376 2917 502 2995 dehine,
522 2919 595 3001 quia
613 2917 859 2983 commeantibus
877 2918 911 2983 iu
927 2917 1029 2981 ricem
1046 2917 1164 2981 nuntiis
1183 2934 1214 2983 38

139 3011 216 3076 nihil
237 3012 270 3075 in
297 3033 452 3074 summam
478 3012 564 3095 pacis
587 3011 820 3097 proficiebatur,
848 3011 1001 3095 colloquio
1026 3011 1166 3096 ipsorum

139 3116 263 3190 tempus
281 3106 446 3189 locumque
465 3106 613 3171 destinari
619 3132 627 3185 ;
646 3107 730 3171 mille
749 3107 889 3189 equitum
905 3105 1097 3189 praesidium
1111 3104 1166 3168 Ti-

140 3200 256 3264 ridates
279 3200 375 3263 affore
398 3199 617 3265 sibidicebat:
645 3210 797 3283 quantum
820 3197 992 3264 Corbuloni
1015 3198 1166 3280 cuiusque

141 3295 263 3380 generis
282 3294 414 3357 militum
433 3295 605 3370 assisteret,
624 3317 687 3358 non
705 3303 854 3370 statuere,
874 3293 950 3356 dum
967 3291 1077 3375 positis
1095 3291 1167 3355 lori-

105 3461 107 3465 ,
142 3387 187 3451 cis
206 3396 235 3450 et
254 3387 352 3472 galeis
371 3386 533 3451 infaciem
551 3387 637 3472 pacis
655 3387 821 3450 veniretur.
850 3381 1041 3466 cuicumque
1052 3393 1166 3447 morta·

141 3480 232 3557 lium,
251 3481 366 3544 nedum
384 3481 480 3545 veteri
498 3491 529 3546 et
546 3481 675 3565 provido
694 3481 774 3557 duci,
794 3479 944 3544 barbarae
962 3478 1094 3543 astutiae
1111 3500 1167 3561 pa-

142 3574 287 3637 tuissent:
306 3574 377 3637 ideo
395 3584 496 3638 artum
514 3575 586 3639 inde
603 3597 767 3639 numerum
781 3573 861 3637 finiri
880 3582 910 3637 et
928 3571 1000 3636 hinc
1017 3571 1167 3635 maiorem

141 3668 256 3744 offerri,
270 3678 305 3732 ut
317 3669 409 3732 dolus
423 3679 596 3752 pararetur3
611 3692 684 3733 nam
699 3668 795 3750 equiti
809 3667 993 3752 sagittarum
1005 3689 1067 3729 usu
1080 3686 1168 3728 exer-

142 3761 204 3824 cito
224 3762 250 3824 si
268 3762 390 3826 detecta
408 3785 537 3846 corpora
554 3761 762 3838 obicerentur,
780 3761 858 3824 nihil
874 3759 1070 3844 profuturam
1088 3758 1168 3822 mul·

142 3855 315 3919 titudinem.
339 3856 534 3920 dissimulato
548 3865 652 3920 tamen
665 3855 832 3931 intellectu,
850 3853 965 3917 rectius
979 3853 1017 3916 de
1034 3852 1073 3917 iis
1087 3872 1167 3933 quae

142 3949 176 4010 in
193 3948 354 4033 publicum
372 3951 614 4026 consulerentur,
633 3950 707 4013 totis
726 3947 912 4013 exercitibus
931 3969 1035 4011 coram
1053 3946 1168 4011 disser-

129 4051 262 4116 taturos
280 4045 454 4128 respondit,
477 4045 643 4126 locumque
661 4043 778 4129 delegit
795 4042 883 4107 ouius
901 4064 973 4126 pars
992 4040 1089 4105 altera
1106 4040 1169 4105 col-

143 4135 189 4200 les
208 4147 296 4201 crant
314 4138 481 4203 clementer
497 4139 702 4224 adsurgentes
725 4136 913 4222 accipiendis
930 4136 1070 4220 pediturn
1088 4134 1169 4199 ordi-

938 4241 999 4303 16*
