2760 4874
284 403 346 468 160
627 411 810 470 CORNELII
825 408 956 466 TACITI

1195 510 1217 542 Ι.
1227 513 1249 542 u.
1260 505 1306 544 785·

282 573 416 649 socium,
440 582 494 635 tua
511 570 615 635 officia
631 570 665 633 in
682 591 715 633 re
732 567 859 653 publica
880 576 1093 654 capessentem
1111 567 1306 636 colebamus.
1358 597 1362 605 ·

282 689 346 731 non
363 676 411 730 est
428 673 569 730 nostrum
587 664 751 728 aestimare
768 683 863 744 quem
886 683 980 746 supra
1002 655 1121 726 ceteros
1139 663 1308 746 atquibus

282 760 322 824 de
344 759 447 823 causis
470 756 614 823 extollas:
642 755 698 821 tibi
720 778 877 820 summum
898 776 1002 819 rerum
1024 754 1173 819 iudicium
1196 756 1230 820 di
1252 757 1309 821 de-

282 854 370 929 dere,
392 850 484 916 nobis
506 848 648 932 obsequii
669 848 768 934 gloria
788 848 897 912 relicta
917 856 975 912 est.
1007 857 1185 933 spectamus
1211 870 1308 934 porro

282 964 364 1030 quae
382 941 670 1026 coram'habentur‚
689 941 740 1006 cui
758 950 846 1006 exte
864 961 954 1026 opes,
973 939 1122 1019 honores,
1144 943 1218 1025 quis
1235 943 1308 1029 plu-

282 1041 361 1105 rima
377 1037 505 1104 iuvandi
521 1036 693 1101 nocendive
709 1035 866 1120 potentia:
879 1056 960 1118 quae
971 1032 1087 1100 Seiano
1098 1034 1199 1101 firisse
1211 1058 1307 1102 nemo

283 1131 456 1219 negaverit:
483 1129 606 1195 abditos
627 1128 774 1215 principis
798 1149 923 1206 sennua,
951 1138 982 1193 et
1005 1128 1033 1193 si
1054 1129 1131 1212 quid
1151 1130 1307 1207 occultius

283 1235 382 1313 parat,
400 1223 562 1308 exquirere
574 1222 735 1300 inlicitum,
749 1243 878 1306 anceps;
896 1242 955 1286 nec
968 1221 1039 1287 ideo
1052 1222 1235 1306 adaequare.
1254 1244 1306 1302 ne,

283 1331 387 1407 patres
405 1318 585 1403 conscripti,
608 1317 751 1382 ultimum
771 1313 878 1381 Seiani
895 1315 1002 1394 diem,.
1017 1316 1074 1381 sed
1095 1317 1234 1382 sedecim
1251 1341 1314 1382 an·-

284 1437 342 1480 nos
360 1411 584 1499 cogitaveritis:
603 1411 697 1475 etiam
715 1408 854 1476 Satrium
872 1420 966 1494 atque
982 1407 1194 1498 Pomponium
1210 1436 1308 1479 vene-

283 1507 442 1584 rabamur3
460 1504 578 1570 libertis
596 1525 720 1587 quoque
738 1527 776 1569 ac
792 1502 975 1570 ianitoribus
993 1505 1060 1569 eius
1073 1514 1236 1587 notescere
1248 1530 1307 1593 pro

284 1599 450 1686 magnifico
468 1597 686 1683 accipiebatur.
705 1596 781 1681 quid
799 1598 892 1684 ergo?
909 1598 1089 1664 indistincta
1105 1599 1184 1664 haec
1196 1601 1308 1666 desen·

286 1695 332 1759 sio
350 1704 381 1757 et
397 1692 554 1778 promisca
574 1690 717 1756 dabitur?
741 1692 838 1758 immo
859 1692 950 1758 iustis
972 1692 1111 1758 terminis
1134 1693 1306 1760 dividatur:

283 1786 414 1851 insidiae
431 1785 464 1849 in
481 1806 546 1848 rem
563 1784 734 1870 publicam,
753 1786 885 1852 consilia
899 1786 1003 1851 caedis
1021 1787 1190 1852 adversum
1206 1788 1308 1874 impe-

283 1889 416 1945 ratorem
433 1878 613 1964 puniantur:
636 1878 676 1942 de
693 1879 829 1944 amicitia
846 1888 877 1944 et
894 1879 1005 1944 officiis
1023 1880 1106 1945 idem
1124 1879 1196 1948 finis
1215 1890 1247 1946 et
1265 1892 1306 1961 te,

286 1973 418 2050 Caesar,
437 1982 468 2037 et
485 1994 543 2037 nos
561 1971 759 2037 absolverit.“

236 2085 267 2131 15
350 2065 535 2132 Constantia
552 2065 713 2143 orationis,
731 2075 763 2130 et
779 2066 854 2149 quia
868 2077 1009 2153 repertus
1027 2077 1093 2133 erat
1110 2068 1164 2152 qui
1182 2068 1308 2134 efferret

165 2185 170 2189 ·
236 2148 265 2200 ‘⁹'
285 2183 365 2245 quae
384 2180 492 2226 omnes
510 2159 615 2225 animo
632 2157 805 2245 agitabant,
833 2181 871 2224 eo
892 2182 993 2243 usque
1014 2170 1143 2246 potuere
1160 2171 1196 2225 ut
1214 2184 1307 2228 accu-

286 2264 405 2321 satores
430 2255 513 2332 eius,
544 2253 658 2319 additis
684 2274 765 2336 quae
791 2261 863 2317 ante
888 2253 1097 2337 deliquerant,
1131 2255 1226 2321 exilio
1252 2265 1308 2321 aut

285 2359 383 2414 morte
400 2338 612 2413 multarentur.
1123 2384 1127 2388 ·
1255 2402 1264 2419 .

351 2440 485 2513 Secutae
502 2440 614 2505 dehinc
629 2436 746 2506 Tiberii
763 2440 882 2505 litterae
899 2442 939 2506 in·
952 2440 1026 2508 Sex.
1037 2440 1199 2508 Vistilium
1216 2466 1307 2529 prae-

286 2535 412 2612 torium,
439 2546 533 2618 quem
556 2532 663 2598 Druso
685 2532 774 2602 fratri
794 2555 957 2618 percarum
978 2536 1012 2600 in
1034 2535 1194 2601 cohortem
1217 2560 1308 2603 suam

286 2627 498 2692 transtulerat:
517 2649 613 2692 causa
630 2627 811 2692 offensionis
829 2627 955 2694 Vistilio
973 2629 1046 2707 suit,
1066 2651 1123 2694 seu
1139 2652 1308 2717 composu-

286 2729 352 2784 erat
373 2721 526 2803 quaedam
547 2721 581 2782 in
604 2719 641 2784 C.
661 2718 831 2785 Caesarem
851 2730 886 2784 ut
907 2722 1112 2808 impudicum,
1141 2724 1208 2788 sive
1233 2724 1307 2789 ficto

286 2812 393 2876 habita
409 2812 496 2876 fides.
516 2823 609 2896 atque
627 2813 668 2877 ob
682 2814 714 2877 id
728 2815 872 2879 convictu
884 2816 1032 2901 principis
1044 2816 1221 2901 prohibitus
1236 2840 1308 2882 cum

286 2905 376 2970 senili
393 2928 488 2969 manu
505 2906 623 2973 ferrum
639 2909 846 2986 temtavisset,
870 2909 988 2996 obligat
1009 2933 1120 2989 venas3
1145 2921 1308 2996 precatus-

288 3020 349 3082 que
366 3020 422 3084 per
439 2999 610 3076 codicillos,
629 3000 741 3065 immiti
756 3003 921 3087 rescripto,
939 3025 1036 3068 venas
1053 3004 1191 3069 resolvit.
1241 3054 1243 3058 Α

350 3093 532 3157 Acervatim
546 3115 585 3158 ex
595 3116 636 3158 eo
644 3093 768 3160 Annius
782 3095 894 3173 Pollio,
912 3095 1037 3182 Appius
1048 3095 1175 3163 Silanus
1187 3096 1308 3170 Scauro

287 3186 448 3254 Mamerco
467 3188 560 3253 simul
573 3210 610 3252 ac
625 3186 742 3254 Sabino
753 3189 892 3255 Calvisio
909 3192 1080 3256 maiestatis
1097 3192 1307 3278 postulantur,

287 3291 319 3347 et
327 3281 510 3348 Vinicianus
523 3282 658 3348 Pollioni
674 3284 756 3368 patri
773 3283 1067 3374 adiciebatur‚''clari
1079 3308 1180 3372 genus
1194 3296 1227 3351 et
1240 3288 1309 3370 qui-

288 3377 360 3440 dam
378 3377 509 3442 summis
526 3376 710 3454 honoribus3
729 3387 1038 3462 contremuerantque
1054 3389 1221 3465 patres—
1235 3404 1309 3445 nam

288 3480 401 3553 quotus
419 3471 551 3554 quisque
569 3470 737 3536 adfinitatis
755 3481 809 3537 aut
827 3473 983 3551 'amicitiae
1001 3482 1047 3537 tot
1067 3472 1247 3537 inlustrium
1264 3474 1310 3538 vi-

287 3585 391 3628 rorum
405 3585 516 3649 expers
530 3564 614 3629 erat?
623 3603 663 3612 —-
672 3566 706 3628 ni
716 3563 841 3654 Celsus,
850 3566 991 3635 urbanae
1005 3567 1139 3632 cohortis
1153 3567 1308 3645 tribunus,

288 3667 356 3722 tum
377 3657 457 3721 inter
479 3657 612 3735 indices,
639 3656 780 3743 Appium
803 3668 837 3730 et
856 3657 1031 3724 Calvisium
1057 3657 1229 3725 discrimini
1256 3683 1310 3726 ex-

288 3751 424 3817 emisset.
448 3749 568 3816 Caesar
584 3750 735 3817 Pollionis
753 3751 959 3825 acViniciani
978 3751 1150 3836 Scarnique
1168 3775 1309 3831 causam,

288 3853 323 3908 ut
339 3845 407 3929 ipse
425 3867 497 3909 cum
508 3855 625 3915 ,senatu
642 3854 797 3923 nosceret,
817 3846 949 3924 distulit,
968 3847 1048 3912 datis
1068 3845 1260 3934 quibusdam
1277 3848 1310 3912 in

291 3935 445 4002 Scaurum
462 3938 602 4004 tristibus
619 3940 711 4005 notis.
753 4009 755 4012 ,
817 3955 820 3961 “

241 4047 271 4093 16
352 4030 400 4095 Ne
417 4031 552 4097 feminae
568 4033 695 4116 quidem
709 4037 847 4100 exsortes
860 4035 1003 4120 periculi:
1021 4038 1096 4118 quia
1108 4037 1311 4121 occupandae

235 4109 277 4160 ⁰⁰)
289 4122 335 4186 rei
351 4123 495 4208 publicae
513 4126 602 4212 argui
614 4150 677 4194 non
689 4128 841 4214 poterant,
859 4129 900 4195 ob
913 4130 1056 4196 lacrimas
1069 4129 1309 4208 incusabantur:
