2760 4874
401 40 483 163 *⁵-

326 395 534 455 ANNALIUM·
550 397 623 452 LIB.
633 397 683 453 VI.
700 397 820 451 41-43.
834 396 975 470 (35-37.)
1101 383 1163 448 173

124 530 128 535 ,
142 501 163 540 p.
174 489 215 530 ca.
225 489 258 528 aa.

141 579 236 642 quam
254 554 516 640 Mesopotamiam
533 554 712 632 invasurus,
731 563 849 619 metum
866 553 1002 620 Romani
1022 553 1096 618 belli
1116 554 1163 618 feu

142 651 245 714 cisset.
277 658 343 713 tum
361 649 478 712 omissa
494 646 647 713 Armenia
668 669 839 732 versaeque
856 645 1012 712 Artabani
1028 670 1093 726 res,
1114 649 1163 712 in-

140 743 264 808 liciente
282 742 422 820 Vitellio,
441 743 618 806 desererent
639 765 747 828 regem
765 764 893 806 saevum
910 742 944 806 in
965 763 1042 828 pace
1060 751 1091 807 et
1108 743 1163 806 ad-

140 837 240 902 versis
258 836 446 922 proeliorum
464 837 644 915 exitiosum3
663 833 940 922 igitur-Sinnaces,
959 857 1054 919 quem
1071 844 1163 900 antea

140 930 299 996 infensum
316 930 501 1007 memoravi,
523 939 644 1015 patrem
661 929 874 1016 Abdagaesen
896 929 1036 1013 aliosque
1059 929 1163 994 occul·-
1252 963 1254 967 ·

141 1034 190 1089 tos
209 1025 331 1089 consilii
349 1033 380 1089 et
397 1033 471 1087 tunc
489 1023 644 1088 continuis
662 1022 804 1088 cladibus
822 1022 1032 1108 promptiores
1050 1023 1091 1087 ad
1108 1022 1162 1086 de-

140 1118 309 1183 fectionem
334 1118 441 1195 trabit,
469 1117 678 1182 adfluentibus
706 1117 857 1202 paulatim
878 1117 932 1200 qui
953 1125 1040 1181 metu
1060 1116 1161 1202 magis

140 1234 236 1295 quam
253 1211 463 1277 benivolentia
481 1211 613 1276 subiecti
629 1211 759 1295 repertis
773 1210 955 1277 >auctoribus
974 1209 1163 1279 sustulerant

141 1306 289 1371 animum.
320 1328 379 1370 nec
400 1305 464 1371 iam
481 1305 567 1369 aliud
583 1303 747 1370 Artabano
768 1305 926 1388 reliquum
944 1326 1040 1388 quam
1063 1303 1091 1368 si
1109 1304 1162 1386 qui

141 1407 339 1464 externorum
356 1398 479 1484 corpori
493 1399 638 1463 custodes
653 1398 790 1475 aderant,
810 1397 875 1462 suis
888 1398 1021 1482 quisque
1034 1396 1161 1481 sedibus

140 1499 289 1570 extorres,
308 1493 378 1576 quis
396 1513 497 1575 neque
514 1491 589 1556 boni
605 1491 780 1556 intellectus
797 1512 900 1575 neque
912 1491 992 1555 mali
1005 1512 1087 1567 cura,
1106 1489 1163 1554 sed

139 1586 283 1651 mercede
301 1587 426 1651 aluntur
442 1585 575 1651 ministri
593 1584 777 1650 sceleribus:
795 1585 845 1650 his
863 1584 1037 1671 adsumptis
1050 1584 1083 1648 in
1096 1583 1163 1649 lon·

139 1679 260 1764 ginqua
290 1688 322 1744 et
352 1681 544 1745 contermina
571 1678 720 1765 Scythiae
750 1679 859 1766 sugam
890 1678 1070 1755 maturavit,
1106 1699 1162 1762 spe

139 1772 260 1850 auxilii,
284 1773 357 1856 quia
379 1772 537 1858 Hyrcanis
561 1772 799 1856 Carmaniisque
820 1772 1090 1858 per-adfinitatem
1114 1770 1163 1835 in·

139 1888 240 1949 nexus
254 1876 332 1931 erate
344 1877 444 1950 ‘atque
457 1866 580 1932 interim
587 1889 687 1953 posse
695 1866 829 1932 Parthos
845 1865 1021 1931 absentium
1034 1887 1160 1949 aequos,

138 1959 356 2044 praesentibus
374 1961 517 2038 mobiles,
536 1962 576 2025 ad
593 1960 817 2045 paenitentiam
833 1958 956 2024 mutari.

203 2052 250 2118 At
267 2053 413 2119 Vitellius
430 2054 566 2141 profugo
582 2053 746 2120 Artabano
765 2063 795 2118 ot
812 2053 902 2118 flexis
920 2052 961 2118 ud
978 2074 1096 2118 novum
1113 2075 1161 2118 re-
1178 2066 1212 2113 13

138 2169 213 2234 gem
229 2147 427 2234 popularium
444 2149 565 2225 animis,
584 2148 726 2213 hortatus
744 2143 906 2212 Tiridaten
925 2156 1035 2236 parata
1052 2169 1161 2232 capes·
1174 2131 1216 2178 ‘³⁷'

140 2264 218 2319 sere,
245 2241 341 2308 robur
365 2242 523 2329 legionum
552 2243 769 2327 sociorumque
794 2242 896 2328 ripam
921 2242 962 2306 ad
988 2241 1160 2327 Euphratis

139 2335 235 2400 ducit.
255 2335 513 2412 sacrificantibus,
533 2358 605 2418 cum
618 2337 670 2401 hic
682 2357 769 2401 more
783 2334 927 2401 Romano
940 2335 1162 2401 suovetaurilia
1198 2391 1202 2397 .

138 2429 240 2507 daret,
267 2429 319 2494 ille
337 2451 452 2514 equum
473 2431 626 2516 placando
643 2431 734 2495 ‘amni
755 2430 952 2507 adornasset,
979 2428 1160 2494 nuntiavere

139 2524 265 2588 accolae
282 2523 467 2609 Euphraten
484 2548 507 2589 n
529 2596 532 2601 ,
591 2524 738 2590 imbrium
755 2525 788 2588 vi
805 2533 915 2609 sponte
933 2531 964 2588 et
984 2523 1161 2589 inmensum

138 2617 252 2695 attolli,
290 2617 383 2682 simul
408 2525 596 2725 albenti*
612 2618 732 2704 spumis
758 2618 791 2682 in
821 2618 950 2683 modum
976 2616 1160 2682 diadematis

139 2711 264 2776 sinuare
281 2711 388 2789 orbes,
415 2712 589 2798 auspicium
610 2713 751 2798 prosperi
777 2722 1006 2800 transgressum
1033 2712 1161 2797 quidam

139 2803 281 2870 callidius
311 2804 593 2890 interpretabantur
618 2806 707 2871 initia
733 2817 864 2872 conatus
890 2807 1029 2872 secunda
1058 2827 1161 2890 neque

77 2945 81 2953 .
139 2897 298 2975 diuturna,
326 2898 400 2982 quia
421 2920 529 2964 eorum
551 2923 632 2984 quae
654 2911 737 2967 terra
758 2901 885 2966 caelove
905 2901 1162 2990 portenderentur

139 2991 252 3055 certior
268 2990 361 3069 fides,
384 2992 550 3057 fluminum
566 2994 721 3060 instabilis
740 3005 852 3060 natura
873 2994 967 3060 simul
984 2994 1162 3060 ostenderet

137 3083 245 3148 omina
260 3087 454 3170 raperetque.
482 3087 539 3152 sed
555 3097 650 3173 ponte
667 3081 801 3154 navibus
818 3087 931 3152 effecto
954 3088 1161 3170 tramissoque

139 3177 278 3242 exercitu
302 3179 422 3264 primus
450 3177 653 3266 Ornospades
679 3181 785 3246 multis
812 3181 952 3265 equitum
976 3179 1101 3256 milibus
1128 3180 1162 3242 in

139 3279 243 3336 castra
258 3272 357 3350 venit,
381 3273 455 3337 exul
471 3272 630 3357 quondam
647 3284 679 3339 et
696 3274 837 3352 Tiberio,
859 3296 931 3339 cum
947 3272 1161 3345 Delmaticum

138 3364 256 3429 bellum
274 3365 457 3444 conficeret·
467 3368 552 3432 haud
568 3367 719 3454 inglorius
737 3368 902 3433 auxiliator
919 3389 1018 3450 eoque
1036 3366 1160 3431 civitate

138 3457 282 3524 Romana
299 3460 447 3538 donatus,
465 3484 540 3526 mox
556 3463 689 3547 repetita
706 3461 842 3527 amicitia
858 3461 942 3547 regis
960 3460 1059 3525 multo
1076 3459 1161 3544 apud

139 3573 212 3616 eum
228 3553 367 3632 honore,
393 3547 570 3640 praefectus
594 3556 713 3641 campis
740 3556 795 3639 qui
815 3555 977 3641 Euphrate
1000 3563 1031 3619 et
1053 3553 1159 3639 Tigre,

137 3646 263 3713 inclutis
281 3649 436 3727 amnibus,
456 3650 627 3715 circumflui
635 3650 884 3736 Mesopotamiae
901 3671 1017 3715 nomen
1033 3670 1161 3733 accepe-

137 3751 220 3805 runt.
242 3764 345 3826 neque
362 3743 460 3808 multo
477 3754 549 3829 post
562 3741 714 3808 Sinnaces
728 3753 823 3830 auget
836 3743 953 3828 copias,
972 3750 1003 3807 et
1016 3743 1160 3809 columen
1203 3822 1208 3826 ¹

137 3835 273 3919 partium
281 3835 490 3923 Abdagaeses
507 3861 621 3924 gazam
634 3847 666 3902 et
677 3847 805 3923 paratus
818 3837 921 3923 regios
935 3836 1038 3903 adicit.
1061 3835 1161 3901 Vitel-
1234 3824 1241 3842 '

137 3927 199 3994 lius
217 3939 393 3996 ostentasse
410 3932 554 3996 Romana
571 3955 658 3996 arma
680 3931 755 3997 satis
773 3940 858 3995 ratus
876 3939 983 3995 monet
999 3931 1160 3996 Tiridaten

136 4023 362 4107 primoresque,
381 4025 478 4103 hunc,
497 4025 642 4090 Phraatis
661 4024 713 4090 avi
730 4034 761 4088 et
778 4024 885 4089 altoris
901 4023 1046 4090 Caesaris
1064 4047 1159 4109 quae-

138 4139 195 4202 que
203 4118 369 4203 utrobique
377 4119 508 4205 pulchra
515 4118 699 4197 meminerit,
712 4118 792 4196 illos,
802 4118 988 4203 obsequium
1000 4118 1157 4206 inregem,
