2760 4874
229 354 292 421 ‘224
577 356 764 415 const-:nu
778 354 920 413 raom

1166 452 1261 491 aaut.

231 526 310 589 intra
332 544 457 585 aienses
480 514 647 583 defunctis.
678 514 735 581 scd
756 514 790 579 in
810 514 988 601 praecipuo
1014 538 1138 603 pavore
1158 516 1262 605 Agrip-

231 620 319 705 pina,
338 638 447 677 rma-m
467 611 603 686 (laudii,
621 632 717 693 quani
734 608 928 675 temulentus
945 608 1082 689 iecerat,
1101 610 1197 677 fatale
1213 612 1263 677 sibi

230 724 265 775 at
282 711 451 793 cartilaginis
469 704 588 791 llagitia
604 704 713 781 ferret,
735 702 808 767 dein
826 702 968 789 puniret,
992 715 1160 785 metricus,
1182 729 1263 793 agere

230 817 261 869 ct
284 804 418 867 «elenae
442 800 562 875 statuit,
584 798 707 883 perdita
726 797 813 883 prius
830 796 979 863 Domitia
996 798 1145 885 Lepida,
1166 800 1265 865 mulie

231 898 340 963 bribns
358 896 477 971 minis,
495 894 569 977 qnia
586 890 712 977 Lepida
727 890 848 956 minore
864 889 1016 959 Antonia
1032 894 1161 979 genita,
1178 918 1265 960 arun·

230 990 482 1075 carlomagnum,
505 986 701 1071 Agrippinae
723 983 851 1049 sobrina
870 984 959 1071 prior
981 1006 1025 1051 ao
1043 984 1155 1053 Gnaei
1174 988 1265 1053 mariti

230 1087 299 1151 cias
318 1106 418 1159 saian,
440 1104 548 1167 parem
567 1080 628 1143 sibi
646 1078 862 1143 claritudinem
883 1078 1057 1159 eredebat;
1079 1102 1144 1147 nce
1165 1082 1264 1159 forma,

230 1192 331 1255 actas,
354 1201 430 1263 apes
449 1174 582 1239 mtdtam
599 1173 771 1251 distabant;
793 1182 826 1238 ct
847 1182 982 1257 utraque
1001 1174 1174 1261 inpudica,
1195 1176 1266 1241 inla-
1345 1246 1348 1259 ,

230 1274 305 1345 mis,
328 1271 477 1345 violenta,
501 1268 586 1334 baud
607 1268 711 1333 minus
732 1266 817 1333 vitiis
839 1266 1105 1347 aemulabantur,
1129 1271 1265 1355 quamsi

230 1390 294 1451 qna
315 1390 354 1429 ex
378 1366 503 1427 tiaama
524 1384 674 1448 liatspcra
694 1370 893 1447 acceperant:
921 1362 1093 1429 enimvero
1116 1374 1265 1431 certamen

230 1460 428 1533 naeniarum,
447 1457 542 1521 amita
559 1456 663 1541 potius
681 1479 722 1520 an
738 1464 838 1521 mater
855 1456 941 1541 apud
958 1454 1129 1524 Neronem
1145 1480 1265 1545 praera-
1345 1518 1348 1525 .

230 1556 321 1631 lcn·t;
340 1576 412 1617 tizam
426 1552 551 1637 Lepida
565 1548 784 1615 blandimentis
801 1571 840 1615 ao
856 1548 1085 1635 largitionibus
1103 1552 1264 1619 iuvenilem
1344 1606 1347 1611 .

230 1648 368 1711 caninam
395 1644 606 1719 ‹lm-iaciebat,
633 1644 713 1709 truci
737 1652 846 1709 contra
870 1666 909 1709 aa
933 1644 1059 1711 minaci
1080 1644 1263 1735 Agrippina,
1347 1692 1356 1771 p

230 1764 311 1823 qam
331 1740 395 1803 tilia
412 1740 487 1803 ‹larc
504 1738 685 1824 imperium,
704 1736 835 1803 tolerare
852 1736 1094 1823 imperitantem
1109 1740 1263 1827 nequibat.

188 1860 212 1903 s
230 1848 368 1897 cett-naa
390 1832 513 1897 obiecta
530 1842 604 1897 sunt
620 1832 706 1915 quod
727 1832 894 1917 coniugem
914 1831 1074 1918 principis
1096 1834 1265 1901 devotioni·

231 1930 290 1992 bns
316 1928 492 2013 petivisset,
519 1925 667 2009 quodque
693 1946 804 2009 parum
831 1924 975 1989 coercitis
1001 1946 1065 2011 per
1089 1926 1263 1994 Calabriam

231 2044 391 2085 sanamini
405 2018 584 2105 agminibus
602 2039 712 2103 pacem
726 2016 835 2083 Italiae
849 2016 1003 2083 turbaret:
1020 2018 1067 2084 ob
1086 2020 1171 2087 haec
1187 2044 1263 2087 mors

231 2118 356 2191 imlieta,
376 2116 508 2179 iiiiiltnm
522 2114 708 2179 adversante
720 2112 879 2189 Narcisso,
896 2112 952 2196 qui
964 2111 1189 2201 Agrippinam
1204 2138 1263 2181 ma·

230 2214 280 2295 gis
299 2212 463 2295 stragisque
486 2219 671 2294 suspectans
692 2206 885 2292 prompsisse
901 2206 985 2271 inter
1000 2210 1172 2293 proximos
1190 2210 1262 2275 sere·

232 2306 322 2369 batm
340 2320 456 2367 tertam
479 2303 540 2367 sibi
561 2302 745 2388 perniciem,
768 2322 825 2367 seu
841 2300 1045 2367 Britannicus
1064 2324 1190 2383 rerum,
1212 2326 1262 2369 seu

230 2399 314 2463 Nera
332 2409 502 2483 potentian
521 2419 631 2461 verum
649 2396 692 2460 ita
709 2396 749 2459 dc
767 2394 958 2461 sementum
971 2392 1154 2463 Caesarem
1172 2407 1208 2464 ut
1222 2397 1262 2461 ri-

231 2506 294 2557 tam
318 2494 388 2555 asni
415 2492 482 2555 eins
504 2490 700 2575 inpenderet3
727 2490 902 2554 com'ietam
922 2488 1142 2558 Messalinam
1163 2502 1197 2559 et
1217 2490 1262 2557 Si·

230 2588 320 2651 lium:
344 2611 435 2671 pares
454 2586 566 2651 iterum
587 2585 756 2650 accusandi
773 2607 885 2650 causas
907 2605 991 2661 esse3
1016 2585 1044 2649 si
1061 2584 1152 2653 Nero
1169 2587 1262 2673 impc-

230 2680 334 2745 ritaret
350 2680 531 2744 Britannico
550 2701 742 2756 successore,
760 2678 881 2742 nullum
897 2677 1031 2764 principi
1049 2681 1216 2746 meritumt
1233 2690 1261 2745 at

230 2797 382 2839 nmcrcac
402 2774 521 2837 insidiis
539 2773 667 2837 deinum
685 2795 809 2837 omnem
831 2772 976 2850 convelli,
999 2773 1125 2839 maiore
1147 2774 1261 2861 flagitio

230 2892 324 2951 qaam
349 2868 375 2931 si
398 2867 612 2952 inpudicitiam
634 2867 745 2952 prioris
767 2866 910 2952 coniugis
931 2865 1128 2946 reticuisset,
1156 2891 1260 2953 quam·

229 2986 324 3045 ‹laann
343 2985 382 3023 nc
401 2960 615 3045 inpudicitiam
632 2960 760 3042 quidem
777 2980 861 3022 nune
877 2957 990 3023 abesse
1006 2958 1159 3027 Pallante
1177 2962 1260 3028 adul·

230 3068 309 3131 tera,
337 3078 376 3117 ne
403 3054 472 3136 quis
495 3052 635 3137 ambigat
660 3053 772 3129 decus,
797 3052 963 3138 pudorem,
990 3073 1124 3137 corpus,
1152 3066 1260 3121 cuncta

230 3173 327 3235 regno
350 3150 460 3212 viliora
481 3146 605 3211 habere.
632 3146 710 3211 baec
732 3156 826 3229 atque
848 3146 922 3209 talia
943 3145 1091 3211 dictitans
1116 3149 1258 3235 amplecti

230 3244 454 3319 Britmmieum,
469 3241 564 3306 robur
573 3241 682 3305 aetatis
691 3263 787 3324 quam
795 3239 1010 3304 matmnimum
1019 3244 1156 3325 precari,
1171 3244 1258 3310 modo

231 3338 379 3414 addens,
399 3337 491 3400 inodo
510 3336 550 3399 ad
568 3335 672 3420 ipsum
691 3335 817 3399 tendere
835 3356 962 3398 manus:
980 3333 1189 3415 adolesceret,
1207 3360 1259 3423 pa-

230 3431 285 3495 tris
303 3431 445 3494 inimicos
464 3429 641 3513 depelleret,
660 3428 768 3492 matris
783 3428 877 3492 etiam
894 3428 1111 3494 interfectores
1130 3431 1259 3496 ulcisce-

179 3544 212 3591 oe
229 3534 323 3591 retur.
345 3525 379 3589 in
396 3534 482 3588 tanta
494 3523 576 3586 mole
591 3545 735 3586 curarum
748 3522 925 3586 valetudine
938 3522 1073 3587 adversa
1085 3526 1258 3611 corripitur,

229 3617 469 3700 refovendisque
482 3617 600 3681 viribus
615 3616 745 3681 mollitia
762 3615 841 3681 caeli
858 3625 890 3680 et
907 3616 1090 3682 salubritate
1109 3641 1258 3703 aquarum
1359 3684 1363 3703 ,

231 3710 417 3776 Sinuessam
434 3711 545 3796 pergit.

295 3806 378 3868 Tum
400 3803 591 3890 Agrippina,
616 3805 741 3870 sceleris
764 3805 839 3871 olim
862 3814 947 3870 certa
969 3814 1000 3870 et
1022 3804 1150 3873 oblatae
1173 3829 1258 3874 oeen-

232 3898 327 3962 sionis
345 3920 477 3983 propera
498 3921 557 3963 nce
574 3899 787 3965 ministrorum
809 3921 921 3985 egens,
944 3898 984 3962 de
1005 3921 1125 3984 genere
1148 3900 1257 3967 veneni

231 3991 429 4067 consultavit,
452 4013 492 4054 ne
509 3993 671 4077 repentino
690 4003 721 4058 et
737 3993 901 4079 praecipiti
917 3992 1041 4057 facinus
1058 3995 1256 4078 proderetm3

231 4083 403 4149 silentum
429 4093 460 4149 ct
486 4085 627 4152 tabidum
653 4088 836 4176 delegisset,
862 4111 903 4155 ne
928 4088 1074 4154 admotus
1103 4089 1256 4177 supremis
