2760 4874
226 391 269 456 92
578 393 761 454 CORNELII
774 393 903 451 TACITI
984 434 988 445 .
1042 413 1063 443 ,·

1139 494 1159 525 ι.
1169 496 1190 525 u.
1201 487 1247 526 tta.

224 557 376 625 intellexit
397 554 538 631 neaniai
555 553 682 618 Tiberio
704 551 900 637 imperitante
922 551 1082 636 deprecari
1104 563 1248 618 senatum

225 675 262 718 ac
278 650 450 736 principem
459 642 563 712 'ansus
582 656 630 711 est
646 645 694 709 M.
714 643 815 710 Silani
832 644 935 709 fratris
953 645 1101 729 potentia,
1120 646 1175 728 qui
1191 669 1250 731 per
1308 697 1314 706 .

224 747 380 832 insignem
397 741 590 807 nobilitatem
608 749 639 804 et
656 739 864 822 eloquentiam
881 739 1098 824 praecellebat.
1123 741 1180 805 sed
1193 741 1249 805 Ti-

225 835 330 905 beriu's
353 837 450 924 gratis
473 834 579 921 agenti
601 832 709 899 Silano
730 831 871 917 patribus
898 854 1011 896 coram.
1029 835 1191 918 respondit
1213 857 1248 899 se

226 955 349 1018 quoque
371 929 479 995 laetari
500 928 586 1011 quod
611 926 707 991 frater
728 927 795 991 eius
818 948 835 990 e
856 926 1104 1012 peregrinatione
1126 928 1249 1014 longin-

224 1049 287 1109 qua
302 1024 493 1100 revertisset,
512 1021 605 1104 idque
622 1020 688 1084 iure
706 1019 838 1095 licitum,
857 1019 931 1102 quia
947 1041 1011 1083 non
1028 1030 1155 1085 senatus
1173 1043 1249 1086 con-

225 1119 320 1197 sulto,
347 1141 411 1183 non
435 1117 506 1202 lege
531 1114 641 1199 pulsus
668 1113 762 1192 foret3
790 1112 850 1178 sibi
875 1122 980 1177 tamen
1001 1115 1152 1180 adversus
1175 1138 1248 1180 eum
1350 1188 1352 1192 ¹

223 1213 360 1298 integras
374 1210 511 1296 parentis
525 1208 574 1273 sui
587 1207 786 1285 offensiones,
805 1228 905 1292 neque
917 1207 1020 1271 reditu
1034 1205 1134 1273 Silani
1147 1209 1249 1274 disso-

223 1305 290 1369 luta
307 1327 387 1388 quae
404 1303 570 1390 Augustus
589 1302 749 1366 voluisset.
776 1301 836 1366 fuit
852 1301 984 1386 posthac
1002 1301 1035 1365 in
1051 1301 1128 1367 urbe
1145 1325 1248 1386 neque

223 1398 357 1464 honores
375 1398 508 1482 adeptus
526 1406 582 1460 est.

174 1514 207 1561 25
289 1491 435 1556 Relatum
453 1486 566 1554 deinde
584 1489 623 1553 de
641 1489 831 1554 moderanda
847 1488 948 1574 Papia
964 1489 1129 1574 Poppaea,
1152 1511 1247 1573 quam

224 1585 326 1651 senior
338 1583 505 1670 Augustus
522 1591 594 1666 post
606 1581 703 1647 Iulias
717 1583 894 1669 rogationes
912 1583 1077 1648 incitandis
1092 1582 1247 1648 caelibum
1273 1597 1275 1600 ’

223 1680 333 1766 poenis
351 1689 382 1743 et
403 1678 547 1764 augendo
565 1677 683 1742 aerario
702 1688 846 1742 sanxerat
852 1702 861 1755 ;
884 1699 943 1742 nec
960 1678 1031 1742 ideo
1054 1678 1199 1763 coniugia
1216 1687 1248 1742 et

225 1773 423 1839 educationes
441 1772 574 1836 liberum
591 1770 881 1853 frequentabantur,
904 1772 1083 1856 praevalida
1100 1771 1246 1849 orbitate3

225 1876 361 1936 ceterum
387 1864 553 1929 multitude
583 1864 823 1949 periclitantium
848 1865 1015 1951 gliscebat,
1046 1887 1118 1929 cum
1144 1865 1247 1929 omnis

224 1961 336 2024 domus
359 1959 531 2023 delatorum
554 1957 856 2043 interpretationibus
879 1959 1124 2036 subverteretur,
1150 1967 1247 2042 utque

224 2054 356 2119 antehac
373 2052 513 2139 flagitiis,
532 2053 576 2116 ita
593 2061 667 2117 tunc
684 2052 806 2138 legibus
824 2052 1032 2117 laborabatur.
1055 2051 1107 2117 Ea
1122 2075 1173 2117 res
1192 2053 1249 2117 ad·

223 2157 329 2212 monet
354 2156 389 2210 ut
410 2148 449 2210 de
474 2145 634 2231 principiis
660 2145 749 2221 iuris,
778 2154 809 2208 et
830 2145 944 2228 quibus
970 2146 1072 2211 modis
1087 2147 1140 2210 <ad
1165 2146 1247 2210 hanc

223 2240 453 2304 multitudinem
478 2238 630 2304 infinitam
655 2261 693 2304 ac
718 2239 900 2304 varietatem
930 2240 1036 2326 legum
1060 2249 1248 2326 perventum

225 2335 278 2413 sit,
298 2334 390 2399 altius
408 2334 571 2398 disseram.
870 2390 872 2393 ,

174 2444 207 2496 26
288 2426 503 2492 Vetustissimi
516 2426 703 2504 mortalium,
717 2425 803 2491 nulla
816 2425 919 2491 adhuc
931 2425 1015 2490 mala
1027 2427 1164 2506 libidine,
1179 2428 1247 2492 sine

223 2520 351 2605 probrO,
371 2520 501 2598 scelere,
524 2542 624 2602 eoque
642 2520 708 2585 sine
725 2541 828 2606 poena
845 2529 899 2587 aut
916 2520 1153 2587 coercitionibus
1173 2544 1248 2607 age-

223 2613 312 2692 bant3
334 2635 435 2696 neque
457 2614 602 2698 praemiis
625 2635 704 2698 opus
715 2622 806 2691 ⁴erat,
829 2635 902 2677 cum
917 2612 1050 2678 honesta
1072 2623 1182 2699 suopte
1199 2615 1248 2678 in-

223 2707 316 2792 genio
342 2717 533 2792 peterentur3
564 2716 596 2771 et
620 2706 675 2770 ubi
701 2707 777 2770 nihil
803 2712 911 2771 contra
939 2728 1058 2771 morem
1088 2718 1246 2793 cuperent,

223 2801 299 2864 nihil
317 2822 373 2885 per
389 2810 508 2863 metum
525 2800 717 2865 vetabantur.
742 2811 773 2865 at
790 2811 957 2887 postquam
980 2801 1053 2865 exui
1075 2801 1247 2886 aequalitas

224 2902 255 2958 et
271 2915 328 2978 pro
350 2893 503 2957 modestia
520 2915 557 2968 ac
573 2894 693 2978 pudore
715 2895 843 2960 ambitio
861 2905 892 2960 et
909 2896 957 2960 vis
975 2895 1153 2972 incedebat,
1175 2919 1249 2981 pro-

224 3008 337 3051 venere
364 2987 590 3052 dominationes
616 2988 794 3072 multosque
816 2990 902 3075 apud
926 2990 1060 3075 populos
1086 2997 1247 3054 aeternum

97 3101 102 3105 ·
223 3102 380 3158 mansere;
398 3080 525 3163 quidam
543 3081 657 3160 statim,
677 3092 731 3146 aut
747 3093 914 3168 postquam
931 3105 1041 3170 regum
1058 3092 1246 3168 pertaesum,

220 3173 310 3260 leges
324 3174 508 3239 maluerunt.
530 3175 589 3240 hae
606 3177 706 3261 primo
719 3176 849 3241 rudibus
863 3176 1025 3242 hominum
1042 3177 1154 3241 animis
1173 3177 1248 3241 sim·

222 3268 320 3352 plicas
334 3276 430 3345 erant,
449 3268 647 3352 maximeque
660 3270 746 3334 sama
758 3269 927 3334 celebravit
941 3268 1147 3347 Cretensium,
1166 3291 1246 3353 quas

222 3360 344 3439 Minos,
365 3359 604 3447 Spartanorum,
623 3384 702 3446 quas
720 3363 904 3448 Lycurgus,
927 3385 965 3428 ac
982 3385 1056 3428 mox
1072 3361 1248 3428 Athenien-

224 3455 310 3520 sibus
336 3456 539 3538 quaesitiores
565 3457 629 3521 iam
651 3467 682 3521 et
702 3457 807 3543 plures
828 3456 909 3524 'Solo
935 3458 1129 3543 perscripsit:
1154 3457 1246 3522 nobis

223 3549 391 3626 Romulus,
409 3560 446 3614 ut
462 3550 598 3628 libitum,
616 3551 860 3635 imperitaverat3
878 3541 952 3616 dein
968 3551 1248 3637 Numa-religioni-

223 3641 283 3707 bus
301 3652 333 3707 et
349 3642 454 3707 divino
472 3644 538 3708 iure
555 3643 705 3728 populum
724 3644 872 3721 devinxit,
890 3655 1074 3731 repertaque
1091 3645 1251 3729 quaedam-

224 3759 243 3800 a
261 3736 354 3801 Tullo
372 3747 403 3800 et
419 3735 527 3816 Anco:
546 3738 602 3803 sed
622 3736 809 3823 praecipuus
829 3735 958 3803 Servius
977 3738 1099 3803 Tullius
1122 3747 1248 3803 sanctor

223 3829 330 3916 legum
347 3829 420 3907 fuit,
439 3831 509 3914 quis
528 3832 622 3895 etiam
639 3853 729 3917 reges
749 3832 1006 3918 obtemperarent.

174 3943 206 3991 27
267 3950 272 3955 ¹
286 3922 385 3987 Pulso
399 3923 571 4008 Tarquinio
588 3926 755 3990 adversum
769 3935 892 4010 patrum
910 3925 1061 3990 factiones
1079 3924 1177 3988 multa
1189 3946 1248 4008 po-

223 4015 315 4101 pulus
338 4018 460 4101 paravit
481 4020 614 4084 tuendae
635 4018 785 4084 libertatis
808 4028 839 4084 et
860 4019 1030 4084 firmandae
1052 4019 1245 4096 concordiae,

225 4108 380 4192 creatique
397 4109 565 4177 decemviri
582 4121 613 4177 et
630 4113 737 4178 accitis
755 4135 836 4197 quae
853 4135 988 4199 usquam
1006 4098 1146 4229 egr*
1159 4132 1247 4178 eom-
