2760 4874
170 403 235 467 318
523 413 706 473 CORNELII
720 415 855 473 TAClTI

1092 517 1107 545 ι
1125 517 1147 546 u.
1158 510 1207 547 818.

141 595 151 640 ι
237 571 482 636 Inlusit-dehinc
499 571 616 636 Neroni
635 572 760 638 fortuna
781 595 838 658 per
855 573 1025 638 vanitatem
1046 573 1152 658 ipsius
1173 585 1210 639 et

171 666 327 751 pmmissa
346 664 493 730 Caesellii
511 665 619 742 Bassi,
643 667 697 749 qui
715 668 835 753 origine
852 666 994 744 Poenus,
1013 677 1122 732 mente
1140 678 1210 732 tur-

174 759 260 835 bida,
287 769 457 824 nocturnae
480 760 593 843 quietis
616 760 786 845 imaginem
804 762 844 824 ad
867 784 956 846 spem
978 761 1064 825 haud
1086 762 1209 827 dubiae

171 856 219 917 rei
236 855 338 930 traxit,
357 863 528 936 vectusque
546 853 690 931 Romam,
709 855 858 940 principis
877 856 996 919 aditum
1014 865 1207 934 emereatus,

172 947 326 1032 expmmit
342 957 499 1032 repertum
517 947 549 1011 in
567 970 644 1034 agro
657 970 715 1012 suo
729 970 859 1034 specum
871 949 1033 1014 altitudine
1046 949 1207 1028 inmensa,

173 1062 236 1125 quo
253 1063 368 1125 magna
385 1040 433 1104 vis
451 1040 519 1105 auri
532 1041 749 1118 contineretur,
768 1064 831 1107 non
844 1043 877 1106 in
890 1043 1024 1107 sormam
1037 1044 1207 1128 pecuniae,

173 1134 230 1198 sed
251 1134 321 1198 rudi
343 1144 375 1198 et
396 1134 524 1217 antiquo
550 1135 702 1219 pondere3
728 1135 842 1201 lateres
868 1137 985 1222 quippe
1008 1158 1208 1223 praegraves

172 1229 287 1307 iacere,
311 1229 485 1294 astantibus
507 1240 595 1314 parte
618 1230 680 1294 alia
702 1230 855 1295 columnis
862 1256 871 1308 3
898 1253 978 1315 quac
1000 1253 1057 1315 per
1079 1241 1209 1295 tantum

173 1324 243 1388 aevi
257 1324 379 1387 occulta
391 1325 544 1410 augendis
558 1323 775 1413 praesentibus
789 1324 890 1390 bonis.
913 1335 1060 1401 ceterum,
1079 1337 1117 1388 ut
1130 1347 1209 1390 con-

173 1417 291 1482 iectura
308 1418 511 1494 demonstrat,
529 1417 616 1482 Dido
625 1417 834 1484 Phoenissam
843 1418 929 1504 Tyro
944 1418 1115 1504 pmfugam
1130 1441 1209 1483 con-

173 1511 238 1576 dita
257 1510 448 1598 Carthagine
474 1512 543 1576 illas
570 1535 646 1597 opes
674 1512 847 1589 abdidisse,
873 1534 914 1578 ne
935 1535 1037 1577 novus
1064 1513 1208 1600 populus

172 1606 270 1670 nimia
287 1607 421 1691 pecnnia
437 1605 607 1682 lasciviret,
635 1616 691 1670 aut
711 1628 802 1693 reges
820 1606 1040 1683 Numidarum,
1069 1616 1102 1670 et
1126 1607 1207 1672 alias

172 1699 297 1776 infensi,
317 1700 461 1784 cupidine
480 1700 547 1764 auri
565 1700 605 1764 ad
625 1699 741 1765 bellum
759 1701 1009 1766 accenderentur.

140 1812 156 1860 a
237 1792 339 1878 Igitur
355 1792 448 1870 Nero,
466 1815 529 1857 non
547 1795 692 1872 auctoris,
710 1816 774 1860 non
792 1795 890 1880 ipsius
907 1794 1025 1880 negotii
1043 1793 1107 1858 fide
1127 1795 1206 1859 satis
1315 1809 1317 1812 ’

174 1896 314 1972 spectata
330 1907 390 1951 neo
407 1886 512 1951 missis
530 1908 586 1972 per
603 1910 683 1971 quos
696 1898 840 1953 nosceret
853 1911 893 1953 an
906 1910 980 1953 vera
993 1887 1205 1964 adferrentur,
1249 1935 1256 1947 ,

173 1990 268 2067 auget
286 1978 366 2045 ultro
384 2002 541 2046 rumorem
559 1981 714 2065 mittitque
728 1983 782 2065 qui
795 1981 881 2047 velut
894 1992 1036 2067 paratam
1050 1983 1205 2066 praedam

173 2075 378 2153 adveherent;
396 2075 509 2141 dantur
526 2075 667 2140 triremes
686 2086 717 2140 et
734 2076 891 2140 delectum
907 2076 1071 2162 remigium
1089 2076 1205 2141 iuvan-

174 2171 232 2235 dae
251 2169 454 2247 festinationi,
478 2191 535 2235 neo
553 2170 638 2235 aliud
659 2192 716 2255 per
732 2169 803 2235 illos
825 2170 897 2235 dies.
910 2169 1047 2256 populus
1066 2169 1203 2234 creduli-

174 2275 246 2343 tate,
264 2266 433 2351 prudentes
451 2264 575 2330 diversa
592 2265 678 2329 fama
691 2265 803 2343 tulere;
822 2287 859 2330 ac
873 2265 953 2330 forte
966 2264 1203 2348 quinquennale

173 2360 328 2424 ludicmm
346 2360 483 2425 secundo
501 2359 600 2424 lustro
619 2359 846 2438 celebrabatur3
865 2359 1079 2425 adulatoribus
1098 2371 1203 2425 orato-

172 2454 322 2538 ribusque
339 2455 507 2540 praecipua
523 2455 653 2519 materia
670 2455 703 2519 in
724 2455 849 2520 laudem
866 2455 1014 2540 principis
1033 2455 1203 2539 adsumpta

173 2560 234 2613 est:
254 2572 317 2613 non
334 2550 417 2614 enim
436 2549 542 2614 solitas
557 2558 676 2617 tantum
690 2550 798 2635 fruges
812 2571 870 2613 nec
884 2548 1051 2614 confusum
1065 2550 1200 2613 metallis

174 2667 285 2709 aurum
299 2645 401 2731 gigni,
422 2645 477 2710 sed
491 2667 574 2709 nova
587 2643 728 2709 ubertate
743 2644 906 2729 provenire
920 2653 1034 2708 terram
1044 2653 1076 2707 et
1089 2643 1200 2708 obvias

173 2761 250 2823 opes
264 2738 384 2803 deferre
395 2740 484 2815 deos3
500 2760 642 2822 quaeque
651 2738 713 2802 alia
726 2737 1072 2802 summafacundianeo
1082 2738 1201 2802 minore

174 2831 350 2895 adulatione
369 2831 494 2895 servilia
506 2831 676 2916 fingebant,
696 2831 797 2897 securi
815 2832 854 2895 de
867 2831 1015 2895 facilitate
1034 2832 1200 2895 credentis.

141 2940 155 2986 3
231 2916 403 2989 'Gliscebat
416 2924 543 2988 interim
560 2925 684 2989 luxuria
702 2948 758 3011 spe
776 2925 861 2990 inani
874 2924 1201 3007 consumebanturque

173 3027 294 3083 veteres
317 3040 393 3103 opes
416 3017 507 3100 quasi
529 3017 640 3083 oblatis
664 3040 742 3101 quas
760 3020 875 3100 multos
897 3042 954 3104 per
975 3040 1074 3083 annos
1096 3019 1202 3104 prodi-

173 3122 260 3199 geret
266 3137 274 3192 ;
293 3113 369 3196 quin
386 3122 417 3176 et
434 3111 507 3176 inde
524 3112 587 3176 iam
601 3113 799 3198 largiebatur,
818 3123 849 3178 et
863 3113 1041 3177 divitiarum
1054 3123 1202 3198 expecta-

174 3208 217 3272 tio
243 3207 323 3271 inter
349 3229 460 3270 causas
487 3208 678 3291 paupertatis
704 3207 848 3293 publicae
875 3217 949 3271 erat.
980 3229 1054 3270 nam
1077 3206 1201 3271 Bassus

174 3302 291 3368 effosso
309 3325 386 3388 agro
401 3324 458 3366 suo
471 3301 604 3385 latisque
618 3302 735 3366 circum
749 3303 842 3380 arvis,
861 3301 937 3366 dum
950 3300 1035 3364 hunc
1047 3301 1099 3366 vel
1112 3301 1202 3380 illum

173 3396 277 3461 locum
294 3395 440 3481 promissi
459 3408 570 3480 specus
590 3397 761 3473 adseverat,
781 3406 1015 3479 sequunturque
1029 3417 1094 3459 non
1107 3396 1204 3460 modo

174 3491 287 3555 milites
307 3490 362 3554 sed
379 3489 514 3575 populus
533 3491 703 3576 agrestium
720 3489 885 3554 efficiendo
904 3488 988 3575 operi
1002 3489 1202 3574 adsumptus,

175 3586 301 3649 tandem
317 3584 421 3669 posita
437 3584 597 3660 vecordia,
622 3607 685 3648 non
703 3584 784 3649 falsa
801 3593 893 3648 antea
911 3583 1039 3648 somnia·
1052 3601 1125 3660 sua,
1154 3605 1204 3648 se-

174 3702 236 3763 que
258 3689 333 3744 tunc
350 3679 485 3764 primum
509 3678 632 3742 elusum
654 3679 827 3773 admirans,
853 3679 1005 3764 pudorem
1027 3687 1059 3741 et
1081 3687 1205 3742 metum

174 3784 273 3839 morte
291 3773 465 3837 voluntaria
483 3773 602 3859 effugit.
630 3773 758 3856 quidam
779 3773 918 3838 vinctum
941 3795 978 3836 ac
1000 3793 1075 3836 mox
1094 3772 1206 3837 dimis-

176 3892 244 3932 sum
264 3867 426 3944 tradidere,
446 3867 599 3953 ademptis
617 3866 708 3932 bonis
726 3867 881 3932 inlocum
897 3866 1003 3952 regiae
1020 3889 1133 3951 gazae.

142 3981 157 4028 4
238 3962 363 4027 Interea
385 3972 511 4026 senatus
534 3962 708 4047 propinquo
721 3962 793 4026 iam
815 3961 936 4030 lustrali
954 3961 1142 4039 certamine,
1170 3972 1207 4026 ut

176 4056 311 4120 dedecus
330 4065 495 4134 averteret,
519 4056 611 4121 offert
628 4056 806 4141 imperatori
823 4055 985 4120 victoriam
1003 4063 1119 4119 cantus
1139 4058 1208 4120 adi-

175 4149 281 4231 citque
296 4149 459 4212 facundiae
479 4172 638 4226 coronam,
664 4172 727 4232 qua
744 4150 864 4214 ludicra
881 4147 1064 4213 deformitas
1082 4148 1208 4215 velare·
