2760 4874
384 374 591 432 ANNALIUM
605 375 679 430 LIB,
689 375 766 432 XIV.
784 375 903 431 55—58.
1024 396 1027 401 ·
1091 366 1155 430 279

133 469 203 520 aen.
216 471 254 508 aa

133 536 321 603 continentia
342 545 396 599 tua
417 534 574 609 laudetur,
602 555 665 596 non
687 542 791 596 tamen
818 533 951 616 sapienti
973 534 1039 599 viro
1062 535 1155 599 deco-

132 653 203 694 rum
219 629 322 706 fuerit,
342 629 424 692 unde
442 626 542 691 amico
560 625 721 690 infamiam
738 636 836 710 paret,
854 626 926 690 inde
944 627 1075 712 gloriam
1094 628 1155 692 sibi

133 724 304 808 recipere.“
465 728 471 734 '

196 817 260 882 His
278 815 372 902 adicit
389 814 589 899 complexum
607 823 637 879 et
655 814 771 891 oscula,
790 813 893 878 faetus
907 824 1017 885 natura
1034 825 1065 877 et
1083 836 1156 879 con-

134 912 299 978 suetudine
313 911 466 976 exercitus
480 911 584 974 velare
597 909 704 973 odium
722 908 887 973 fallacibus
905 908 1064 973 blanditiis
1069 933 1078 985 ;
1098 907 1157 973 Se-

133 1030 219 1084 neca,
238 1007 292 1089 qui
309 1005 381 1069 finis
400 1004 540 1068 omnium
557 1026 629 1067 cum
646 1002 825 1067 dominante
844 1012 1156 1088 sermonumgrates

133 1101 212 1186 agit3
227 1101 283 1164 sed
295 1099 437 1163 instituta
450 1098 561 1183 prioris
570 1097 726 1182 potentiae
740 1106 919 1174 commutat,
932 1096 1076 1181 probibet
1085 1118 1156 1160 eoe-

133 1203 184 1257 tus
203 1192 419 1268 salutantium,
439 1191 516 1255 vitat
533 1191 723 1268 comitantia,
742 1214 830 1255 rarus
848 1212 904 1275 per
921 1190 1046 1267 urbem,
1064 1190 1156 1273 quasi

133 1287 311 1351 valetudine
327 1285 452 1350 infensa
469 1294 523 1349 ant
541 1284 710 1369 sapientiae
724 1284 835 1348 studiis
854 1283 939 1348 domi
953 1284 1155 1349 'adtineretun

197 1380 348 1445 Perculso
372 1378 494 1444 Seneca
515 1387 693 1462 promptum
714 1378 774 1442 fnit
795 1377 916 1442 Rufum
933 1378 1087 1445 Faenium
1108 1377 1156 1440 in·
1175 1400 1206 1446 57

134 1474 273 1539 minuere
291 1473 487 1559 Agrippinae
508 1471 676 1535 amicitiam
698 1472 731 1535 in
748 1494 786 1536 eo
808 1471 1042 1536 criminantibus
1048 1497 1057 1548 ;
1080 1470 1157 1535 vali-

134 1569 264 1651 diorque
281 1567 314 1630 in
327 1567 394 1631 dios
409 1565 584 1652 Tigellinus
602 1576 633 1629 et
649 1564 749 1630 malas
762 1575 854 1643 artes,
873 1565 988 1650 quibus
1002 1565 1076 1629 solis
1089 1565 1157 1651 pol-

134 1660 227 1739 lebat,
246 1661 397 1746 gratiores
413 1669 511 1737 ratus,
530 1659 558 1723 si
574 1659 747 1745 principem
766 1661 912 1725 societate
931 1660 1084 1724 scelerum
1102 1659 1157 1724 ob-

134 1754 312 1840 stringeret,
335 1762 436 1819 metus
461 1753 528 1817 eius
551 1753 694 1831 rimatur,
722 1764 932 1839 conpertoque
955 1753 1104 1818 Plautum
1127 1763 1157 1816 et

134 1846 256 1913 Sullam
270 1847 405 1911 maxime
418 1846 529 1923 timeri,
547 1845 696 1910 Plautum
709 1847 742 1910 in
751 1846 878 1925 Asiam,
899 1846 1020 1913 Sullam
1033 1848 1067 1910 in
1080 1845 1157 1912 Gal·

132 1938 208 2004 liam
229 1939 463 2004 Narbonensem
490 1962 590 2023 nuper
616 1949 751 2017 amotos,
777 1941 970 2005 nobilitatem
997 1963 1104 2004 eorum
1127 1952 1158 2003 et

133 2033 324 2119 propinquos
346 2033 420 2098 huie
443 2032 592 2109 Orientis,
615 2033 661 2096 illi
684 2031 872 2098 Germaniae
895 2034 1049 2097 exereitus
1072 2055 1157 2097 eoni-

72 2142 88 2167 ·
134 2137 298 2192 memorat:
321 2148 450 2202 nense,
473 2135 508 2189 ut
529 2126 680 2203 Burrum,
703 2126 844 2191 diversas
868 2149 955 2212 spes,
980 2127 1036 2190 sed
1058 2122 1158 2190 solam

133 2220 377 2286 incolumitatem
394 2218 527 2284 Neronis
550 2229 704 2303 spectare3
727 2221 778 2285 cui
800 2221 903 2285 caveri
924 2230 1093 2303 utcumque
1116 2219 1157 2283 ab

133 2315 261 2380 urbanis
279 2314 401 2377 insidiis
423 2314 579 2398 praesenti
597 2336 666 2399 ope:
687 2314 876 2400 longinquos
899 2323 1002 2378 motus
1021 2335 1157 2397 quonam

134 2410 227 2474 modo
246 2408 409 2493 comprimi
425 2407 539 2493 posse?
560 2417 680 2472 erectas
700 2405 820 2473 Gallias
839 2409 1011 2473 adnomen
1028 2408 1158 2471 dictato-

132 2504 228 2579 rium,
252 2525 311 2566 nec
328 2503 432 2565 minus
451 2523 620 2586 suspensos
637 2500 738 2566 Asiae
755 2503 888 2587 populos
907 2502 1088 2567 claritudine
1106 2502 1157 2566 avi

132 2597 242 2662 Drusi.
267 2595 389 2662 Sullam
402 2596 537 2680 inopem,
556 2596 639 2660 unde
657 2597 857 2681 praecipuam
875 2595 1047 2673 audaciam,
1066 2605 1097 2659 et
1116 2595 1158 2658 si-

133 2691 317 2754 mulatorem
332 2690 492 2777 segnitiae,
507 2690 582 2753 dum
596 2690 760 2754 temeritati
774 2690 878 2754 locum
887 2689 1047 2774 reperiret3
1061 2688 1162 2752 Plau-

134 2795 201 2847 tum
218 2784 341 2869 magnis
359 2783 472 2868 opibus
489 2806 529 2847 ne
546 2784 664 2870 fingere
682 2784 809 2868 quidem
822 2785 999 2869 cupidinem
1017 2784 1081 2860 otii,
1101 2784 1157 2848 sed

133 2888 273 2943 veterum
282 2879 495 2943 Romanorum
507 2878 699 2965 imitamenta
707 2879 873 2965 praeferre,
888 2887 1050 2964 assumpta
1063 2878 1157 2942 etiam

135 2971 312 3038 Stoicorum
330 2974 506 3059 arrogantia
524 2983 683 3058 sectaque,
706 2996 788 3057 quae
809 2974 951 3039 turbidos
970 2983 1000 3037 et
1017 2973 1157 3058 negotio-

133 3089 203 3129 rum
230 3067 409 3150 adpetentes
436 3067 539 3131 faciat.
570 3090 628 3131 nee
651 3068 732 3132 ultra
753 3090 854 3151 mora:
883 3065 973 3132 Sulla
995 3076 1083 3130 sexto
1105 3066 1157 3128 dio

134 3158 287 3242 pervectis
309 3159 487 3224 Massiliam
508 3160 746 3243 percussoribus
769 3171 840 3223 ante
863 3169 980 3222 metum
1003 3168 1033 3223 ct
1054 3181 1159 3221 rumo-

134 3273 201 3314 rem
218 3251 412 3330 interficitur‚
436 3274 509 3315 cum
531 3250 677 3336 epulandi
699 3275 796 3317 causa
812 3251 1036 3328 discumbcrct;
1058 3250 1157 3335 perla-

135 3353 202 3405 tum
219 3354 320 3437 caput(
336 3342 403 3407 eius
425 3343 524 3407 illusit
540 3343 623 3409 Ncro
646 3355 805 3430 tamquam
826 3349 1028 3429 praematura¹
1046 3343 1157 3407 canitic

135 3436 284 3500 deforme.

198 3529 311 3594 Plauto
329 3531 432 3614 parari
454 3553 563 3596 necem
581 3556 645 3596 non
661 3533 789 3619 perinde
812 3532 968 3596 oecultum
990 3531 1062 3607 fuit,
1086 3531 1208 3613 quiana

135 3623 276 3708 pluribus
295 3625 380 3689 salus
399 3624 467 3690 eius
481 3626 656 3705 curabatur,
675 3638 706 3693 et
724 3628 858 3712 spatium
871 3626 989 3689 itineris
1008 3648 1044 3689 ae
1062 3625 1157 3690 maris

135 3730 321 3804 tempusque
344 3719 539 3785 interiectum
562 3732 701 3787 moverat
723 3722 854 3798 famam3
881 3721 1038 3806 vulgoque
1060 3719 1158 3803 finge-

136 3811 210 3876 bant
226 3814 358 3897 petitum
377 3814 416 3878 ab
435 3837 472 3879 eo
491 3814 717 3894 Corbulonem,
740 3816 863 3902 magnis
886 3825 953 3878 tum
971 3813 1157 3877 exercitibus

135 3905 365 3988 praesidentem
375 3917 415 3984 ot,
429 3908 504 3972 clari
514 3919 606 3992 atque
619 3910 759 3974 insontes
769 3908 1055 3988 aiinterficerentur,
1070 3928 1159 3991 prac-

137 3997 264 4082 cipuum
287 4000 327 4064 ad
348 4001 499 4086 pericula3
522 4002 599 4085 quin
616 4012 647 4067 ot
664 4001 777 4067 Asiam
799 4002 906 4067 favore
928 4000 1049 4065 iuvenis
1072 4023 1156 4064 arma

137 4091 272 4176 cepisse,
295 4115 353 4159 nce
371 4095 484 4160 milites
502 4097 543 4160 ad
561 4096 663 4161 seclus
682 4097 796 4161 missos
820 4105 873 4160 aut
890 4117 1019 4159 numero
1037 4094 1157 4158 validos
