2760 4874
390 373 595 431 ANNALIUM
612 373 685 428 LIB.
700 374 781 429 XIII.
800 375 916 429 stt-29.
1102 362 1165 428 239

142 479 164 519 p.
175 466 215 508 ci.
226 467 258 506 a.

140 532 311 600 ministeria
337 530 570 617 magistratibus
594 540 624 595 et
647 530 874 609 sacerdotibus,
902 532 1044 598 cohortes
1072 534 1165 600 etiam

140 630 173 693 in
191 627 268 692 urbe
286 627 493 711 conscriptas3
517 635 548 689 et
564 625 705 708 plurimis
725 626 878 709 equitum,
901 627 1057 711 plerisque
1076 650 1166 711 sena-

140 722 259 787 toribus
278 744 342 785 non
359 720 484 784 aliunde
503 719 654 804 originem
672 718 766 796 trahi;
790 719 817 783 si
841 731 1057 804 separarentur
1072 721 1166 815 Q

139 816 210 893 tini,
233 814 432 879 manifestam
450 813 516 877 fore
538 813 701 897 penuriam
723 813 942 898 ingenuorum3
966 838 1028 879 non
1051 812 1166 881 frustra

138 910 287 986 maiores,
315 932 386 973 cum
408 907 591 992 dignitatem
613 907 757 971 ordinum
779 907 966 986 dividerent,
992 909 1166 974 libertatem

138 1005 173 1068 in
190 1003 349 1068 communi
364 1003 523 1088 posuisse3
546 1001 622 1084 quin
640 1010 671 1065 et
687 1002 926 1066 manumittendi
947 1004 1025 1067 duas
1045 1003 1165 1089 species

138 1098 307 1173 institutas,
327 1106 362 1160 ut
378 1097 602 1179 relinqueretur
618 1095 826 1180 paenitentiae
843 1105 897 1159 aut
914 1118 996 1162 novo
1014 1095 1165 1161 beneficio

139 1191 242 1256 locus:
261 1212 339 1273 quos
358 1190 495 1253 vindicta
507 1198 657 1273 patronus
675 1211 738 1254 non
755 1188 942 1267 liberaverit,
961 1190 1046 1254 velut
1063 1191 1165 1254 vinclo

139 1285 299 1350 servitutis
318 1283 455 1348 attineri:
474 1282 640 1366 dispiceret
652 1282 785 1365 quisque
803 1283 913 1347 merita
925 1284 1075 1366 tardeque
1092 1307 1167 1348 con-

139 1378 264 1442 cederet
281 1378 366 1460 quod
383 1378 491 1441 datum
504 1398 567 1440 non
581 1375 776 1442 adimeretur.
800 1376 878 1441 haec
892 1378 1044 1442 sententia
1057 1377 1164 1454 valuit,

139 1470 326 1554 scripsitque
346 1469 465 1535 Caesar
483 1469 618 1546 senatui,
640 1469 786 1553 privatim
809 1470 1020 1555 expenderent
1038 1493 1165 1536 causam

137 1563 320 1628 libertorum
338 1565 482 1648 quotiens
505 1587 524 1627 a
545 1563 683 1647 patronis
706 1572 922 1648 arguerentur:
944 1565 977 1628 in
1000 1587 1165 1629 commune

138 1657 217 1720 nihil
239 1657 435 1743 derogarent.
462 1679 521 1721 nec
543 1656 642 1720 multo
659 1666 732 1740 post
753 1666 877 1742 ereptus
900 1657 1013 1723 amitae
1035 1658 1164 1723 libertus

137 1750 229 1817 Paris
248 1752 339 1834 quasi
359 1751 426 1816 iure
449 1750 545 1828 civili,
569 1773 633 1817 non
651 1751 718 1815 sine
740 1751 870 1816 infamia
890 1752 1053 1837 principis,
1076 1753 1165 1819 cuius

137 1845 229 1908 iussu
245 1854 456 1930 perpetratum
473 1844 674 1930 ingenuitatis
691 1845 841 1909 iudicium
860 1855 934 1932 erat.

204 1937 356 2002 Manebat
381 1938 477 2002 nihilo
502 1938 606 2003 minus
633 1940 787 2021 quaedam
813 1940 918 2025 imago
939 1941 984 2005 rei
1006 1940 1163 2025 publicae:
1183 1961 1215 2011 28

138 2054 213 2095 nam
229 2031 310 2096 inter
327 2030 501 2095 Vibullium
522 2040 697 2116 praetorem
719 2041 750 2096 et
770 2031 874 2117 plebei
896 2032 1055 2097 tribunum
1072 2033 1165 2098 Anti-

137 2125 234 2190 stium
253 2134 354 2189 ortum
372 2136 542 2202 certamen,
565 2126 650 2208 quod
667 2126 859 2191 inmodestos
881 2125 1019 2191 fautores
1041 2128 1165 2192 histrio·

137 2240 216 2282 num
234 2228 265 2282 et
282 2241 302 2282 a
318 2226 461 2302 praetore
478 2219 512 2282 in
530 2219 633 2283 vincla
651 2220 761 2284 ductos
775 2219 918 2284 tribunus
937 2221 1037 2284 omitti
1054 2221 1164 2286 iussis-

137 2322 201 2389 set;
220 2312 449 2396 conprobavere
466 2321 585 2398 patres,
608 2313 751 2376 incusata
767 2312 898 2378 Antistii
914 2313 1047 2378 licentia.
1072 2315 1165 2380 simul

136 2405 285 2492 prohibiti
299 2405 414 2469 tribuni
425 2406 475 2469 ius
487 2416 665 2491 praetorum
683 2416 715 2471 et
727 2407 890 2472 consulum
907 2409 1092 2493 praeripere,
1111 2418 1165 2473 aut

136 2524 250 2566 vocare
272 2525 312 2567 ex
329 2502 421 2566 Italia
443 2524 515 2566 cum
537 2500 651 2584 quibus
672 2502 744 2587 lege
765 2503 818 2587 agi
839 2511 959 2587 posset3
986 2503 1105 2566 addidit
1122 2504 1163 2568 L.

135 2595 229 2673 Piso,
252 2596 434 2680 designatus
453 2596 577 2672 consul,
600 2597 734 2679 nequid
755 2597 836 2660 intra
853 2596 981 2661 domum
1003 2619 1060 2682 pro
1077 2607 1164 2684 pote-

137 2690 428 2765 stateadverterent,
439 2711 518 2753 neve
528 2688 658 2752 multam
667 2688 706 2754 ab
716 2690 754 2754 iis
764 2690 878 2757 dictam
887 2700 1068 2773 quaestores
1078 2712 1165 2754 aera-

135 2783 176 2847 rii
192 2782 225 2846 in
237 2781 379 2867 publicas
398 2782 519 2848 tabulas
533 2793 605 2847 ante
623 2792 768 2866 quattuor
780 2807 904 2849 menses
918 2783 1082 2863 referrent,
1099 2807 1165 2849 me-

136 2876 191 2940 dio
208 2877 356 2961 temporis
375 2886 482 2942 contra
499 2877 602 2942 dicere
619 2877 740 2956 liceret,
762 2878 864 2962 deque
882 2900 920 2944 eo
938 2879 1083 2945 consules
1102 2889 1165 2944 sta-

137 2981 269 3035 tuerent.
297 2971 434 3036 cohibita
451 2972 547 3036 artius
566 2982 597 3036 et
614 2973 760 3038 aedilium
782 2984 922 3059 potestas
941 2984 1162 3057 statutumque,

137 3065 448 3148 quantum'curules,
477 3075 627 3148 quantum
649 3066 752 3152 plebei
777 3069 918 3154 pignoris
945 3077 1092 3153 caperent
1112 3069 1164 3132 vel

137 3180 256 3243 poenae
278 3159 459 3245 irrogarent.
487 3172 518 3225 et
535 3159 702 3225 Helvidius
720 3160 864 3238 Priscus,
887 3160 1029 3225 tribunus
1051 3159 1162 3246 plebis,

137 3251 289 3318 adversus
309 3251 532 3318 Obultronium
552 3251 720 3331 Sabinum,
738 3255 848 3318 aerarii
866 3263 1072 3336 quaestorem,
1091 3275 1165 3317 con-

137 3345 290 3410 tentiones
308 3347 449 3431 proprias
468 3346 618 3422 exercuit,
642 3356 801 3428 tamquam
818 3347 867 3411 ius
885 3347 995 3410 hastae
1013 3347 1163 3410 adversus

136 3437 248 3522 inopes
270 3439 471 3504 inclementer
493 3449 635 3525 augeret3
658 3440 730 3504 dein
751 3439 896 3525 princeps
920 3461 1025 3504 curam
1043 3438 1164 3521 tabula

136 3553 208 3595 rum
224 3532 418 3616 publicarum
437 3557 456 3598 a
474 3533 690 3618 quaestoribus
709 3535 749 3598 ad
766 3533 940 3618 praefectos
959 3533 1123 3598 transtulit.

202 3624 298 3689 Varie
310 3626 464 3692 habitaac
482 3649 576 3712 saepe
590 3637 709 3692 mutata
727 3628 794 3692 eius
811 3627 857 3691 rei
874 3628 989 3692 forma:
1007 3650 1081 3690 nam
1094 3624 1163 3690 Au·
1181 3645 1212 3693 29

136 3725 249 3804 gustus
264 3721 385 3784 senatui
398 3721 540 3806 permisit
553 3722 688 3807 deligere
705 3720 895 3805 praefectos3
913 3720 1026 3784 deinde
1044 3719 1163 3784 ambitu

137 3813 359 3901 suffragiorum
379 3827 538 3902 suspecto,
562 3827 643 3881 sorte
662 3815 854 3882 ducebantur
871 3838 911 3879 ex
927 3836 1057 3879 numero
1074 3836 1163 3900 prae·
1268 3810 1272 3815 ⁴

135 3915 240 3971 torum
258 3909 312 3991 qui
329 3920 525 3995 praeessent3
543 3933 644 3993 neque
662 3910 696 3974 id
713 3909 766 3973 diu
784 3909 912 3986 mansit,
931 3909 1005 3991 quia
1023 3931 1090 3973 sors
1109 3908 1163 3972 de-

136 3999 261 4065 errabat
278 4003 319 4066 ad
335 4027 446 4088 parum
463 4005 607 4070 idoneos:
630 4014 704 4069 tunc
723 4002 875 4068 Claudius
897 4011 1078 4086 quaestores
1095 4026 1162 4066 rur-

135 4116 209 4158 sum
225 4095 387 4181 imposuit,
410 4098 523 4183 iisque,
546 4121 586 4163 ne
603 4107 689 4163 metu
711 4097 920 4163 offensionum
942 4096 1069 4183 segnius
1088 4118 1162 4161 con-
