2760 4874
253 387 293 450 14
595 394 782 452 CORNELII
796 393 926 449 TACITI

1165 497 1185 526 a.
1196 499 1217 527 u.
1228 490 1275 529 ter.

248 557 296 621 los
323 553 466 619 denarios
494 563 660 629 mererent,
688 562 794 635 sextus
822 552 972 616 decumus
1000 554 1146 638 stipendii
1173 577 1274 620 annus

248 649 345 714 finem
361 648 505 723 adferret,
523 670 563 711 ne
581 646 662 710 ultra
680 646 739 711 sub
754 646 875 711 vexillis
894 656 1079 725 tenerentur,
1100 647 1156 712 sed
1173 649 1276 714 isdem

248 743 408 808 incastris
426 741 599 826 praemium
620 741 754 825 pecunia
771 740 952 806 solveretur.
976 765 1017 806 an
1033 743 1204 828 praetorias
1223 767 1276 809 co-

248 839 364 913 hortes,
383 858 463 919 quae
482 835 571 900 binos
590 835 732 899 denarios
746 835 930 919 acceperint,
949 859 1029 920 quae
1047 846 1120 921 post
1137 838 1276 903 sedecim

249 953 347 995 annos
369 928 534 1014 penatibus
558 928 622 992 suis
644 928 827 1004 reddantur,
850 929 922 1013 plus
944 930 1154 1014 periculorum
1176 932 1276 996 susci·

248 1027 342 1111 pere?
367 1048 430 1089 non
453 1023 617 1089 obtrectari
639 1047 658 1087 a
681 1045 715 1087 se
736 1023 873 1088 urbanas
896 1024 1059 1089 excubias:
1087 1025 1148 1091 sibi
1170 1035 1276 1089 tamen

250 1121 333 1206 apud
350 1118 492 1183 horridas
509 1126 619 1203 gentes
637 1138 655 1181 e
673 1116 882 1181 contuberniis
901 1117 1024 1182 hostem
1041 1118 1149 1202 aspici.

200 1237 230 1284 18
312 1212 526 1298 Adstrepebat
539 1212 663 1298 vulgus,
683 1212 815 1276 diversis
829 1212 1046 1289 incitamentis,
1062 1212 1095 1275 hi
1108 1212 1275 1276 verberum

248 1319 347 1383 notas,
366 1307 411 1370 illi
425 1307 579 1382 canitiem,
597 1305 723 1390 plurimi
740 1305 852 1369 detrita
866 1305 1004 1391 tegmina
1021 1315 1052 1370 et
1069 1306 1190 1369 nudum
1208 1328 1276 1370 cora

243 1426 308 1488 -pus
327 1400 566 1486 exprobrantem
589 1409 747 1485 postremo
765 1422 802 1464 eo
820 1400 934 1464 furoris
952 1423 1079 1478 venere,
1098 1411 1134 1464 ut
1150 1410 1214 1466 tres
1231 1401 1275 1465 le-

249 1497 358 1583 giones
381 1495 512 1559 miscere
528 1495 561 1558 in
579 1518 675 1559 unam
696 1495 890 1580 agitaverint.
914 1495 1036 1580 depulsi
1058 1495 1273 1572 aemulatione,

250 1591 323 1674 quia
341 1611 417 1654 suae
440 1589 574 1672 quisque
591 1589 707 1674 legioni
725 1610 796 1652 eum
819 1588 969 1654 honorem
986 1587 1190 1672 quaerebant,
1214 1589 1275 1653 alio

250 1691 374 1748 vertunt
391 1692 484 1766 atque
503 1706 566 1746 una
583 1692 646 1747 tres
665 1683 785 1766 aquilas
803 1692 835 1747 et
858 1684 948 1769 signa
966 1683 1139 1748 cohortium
1156 1683 1275 1761 locant3

251 1779 343 1843 simul
361 1786 533 1862 congerunt
551 1777 718 1862 caespites,
741 1787 906 1842 exstruunt
924 1777 1072 1855 tribunal,
1092 1799 1154 1861 quo
1171 1777 1274 1862 magis

250 1872 419 1956 conspicua
437 1872 527 1935 sedes
546 1871 635 1935 foret
657 1871 896 1956 properantibus
913 1871 1048 1936 Blaesus
1066 1871 1206 1935 advenit:
1229 1871 1276 1934 in-

251 1966 457 2051 crepabatque
476 1987 512 2029 ac
529 1965 682 2030 retinebat
700 1965 855 2050 singulos,
879 1965 1041 2030 clamitans
1061 1987 1152 2044 „mea
1168 1965 1274 2049 potius

251 2062 346 2125 caede
363 2060 492 2124 imbuite
510 2083 636 2124 manus:
659 2060 775 2124 leviore
793 2060 911 2145 flagitio
928 2060 1067 2145 legatum
1084 2059 1275 2123 interficietis

251 2177 344 2237 quam
367 2154 407 2219 ab
429 2153 614 2239 imperatore
636 2153 810 2218 desciscitis
817 2178 826 2232 ;
853 2162 907 2218 aut
929 2153 1093 2218 incolumis
1114 2153 1211 2217 fidem
1232 2153 1277 2216 le·

250 2250 379 2336 gionum
396 2249 549 2327 retinebo,
573 2257 627 2313 aut
643 2248 803 2335 iugulatus
821 2249 1042 2334 paenitentiam
1060 2247 1274 2312 adcelerabo.“

203 2366 231 2413 19
251 2343 458 2431 aggerebatur
479 2343 575 2408 nihilo
597 2343 701 2408 minus
723 2365 867 2428 caespes,
890 2343 1014 2426 iamque
1035 2341 1155 2427 pectori
1167 2363 1275 2424 usque

251 2441 439 2515 adoraverat,
454 2460 526 2502 cum
539 2439 665 2502 tandem
678 2438 853 2522 pervicacia
865 2437 949 2500 victa
961 2436 1119 2520 inceptum
1132 2435 1274 2499 omisere.

250 2534 384 2597 Blaesus
407 2531 505 2596 multa
527 2532 649 2596 dicendi
672 2541 738 2595 arte
759 2554 823 2595 non
839 2553 895 2616 per
917 2530 1101 2595 seditionem
1119 2528 1275 2593 etturbas

250 2626 404 2691 desideria
422 2626 554 2688 militum
572 2626 612 2689 ad
628 2623 797 2690 Caesarem
815 2626 944 2689 ferenda
961 2623 1016 2687 ait:
1035 2644 1137 2705 neque
1153 2631 1275 2686 veteres

251 2720 290 2784 ab
309 2718 547 2804 imperatoribus
564 2719 676 2803 priscis
695 2740 796 2802 neque
813 2719 898 2804 ipsos
917 2742 937 2782 a
954 2718 1026 2782 divo
1044 2716 1193 2802 Augusto
1211 2726 1276 2779 tam

251 2833 333 2875 nova
349 2811 511 2897 petivisse3
535 2821 566 2875 et
582 2834 693 2896 parum
710 2812 744 2875 in
761 2820 900 2895 tempore
921 2811 1103 2895 incipientes
1125 2809 1276 2895 prinpris

252 2928 342 2969 curas
366 2905 500 2982 onerari3
524 2905 551 2968 si
568 2913 673 2969 tamen
690 2906 852 2969 tenderent
873 2906 906 2969 in
923 2927 1000 2991 pace
1021 2914 1174 2988 temptare
1196 2924 1277 2986 quae
1325 2978 1330 2989 1

252 3020 291 3063 ne
309 2997 446 3062 civilium
464 2999 589 3081 quidem
607 2998 760 3064 bellorum
776 3000 910 3064 victores
929 2998 1201 3083 expostulaverint,
1221 3018 1277 3077 cur

252 3100 359 3156 contra
375 3114 494 3155 morem
512 3092 667 3175 obsequii,
691 3103 799 3158 contra
820 3092 869 3158 fas
893 3091 1074 3178 disciplinae
1091 3091 1157 3155 vim
1177 3090 1277 3156 medi-

251 3185 372 3250 tentur?
394 3185 594 3250 decernerent
610 3186 730 3271 legatos
750 3207 846 3268 seque
869 3207 974 3270 coram
990 3185 1138 3249 mandata
1151 3183 1275 3246 darent.

251 3277 479 3343 Adclamavere
491 3289 527 3341 ut
538 3279 621 3343 filius
634 3280 741 3344 Blaesi
754 3279 897 3344 tribunus
910 3278 1066 3363 legatione
1078 3299 1117 3341 ea
1129 3276 1276 3362 fungere-

251 3380 497 3457 turpeteretque
515 3372 664 3437 militibus
682 3373 863 3437 missionem
881 3372 921 3437 ab
944 3371 1080 3437 sedecim
1098 3369 1202 3434 annis:
1226 3391 1276 3433 ce-

252 3478 317 3530 tera
335 3466 535 3532 mandaturos
553 3465 608 3548 ubi
624 3466 725 3551 prima
746 3466 972 3551 provenissent.
999 3464 1140 3550 profecto
1162 3463 1275 3527 iuvene

253 3559 408 3624 modicum
431 3559 546 3637 otium3
571 3560 627 3624 sed
649 3560 809 3645 superbire
830 3560 935 3635 miles,
962 3559 1046 3643 quod
1071 3557 1154 3620 filius
1180 3555 1275 3642 legati

252 3662 355 3717 orator
366 3652 510 3737 publicae
524 3675 637 3718 causae
651 3654 727 3718 satis
741 3654 918 3717 ostenderet
931 3651 1116 3716 necessitate
1126 3670 1276 3734 expressa

252 3769 332 3830 quae
350 3769 406 3832 per
423 3748 607 3812 modestiam
625 3771 688 3813 non
705 3747 920 3812 obtinuissent.

202 3859 235 3906 20
315 3841 440 3905 Interea
456 3842 607 3927 manipuli
629 3852 702 3906 ante
719 3851 861 3925 coeptam
878 3840 1063 3904 seditionem
1079 3836 1276 3922 Nauportum

252 3935 342 4006 missi
360 3934 399 3998 ob
417 3935 528 4000 itinera
545 3945 577 4000 et
593 3946 705 4021 pontes
723 3944 755 4000 et
771 3935 849 4000 alios
867 3957 959 4010 usus,
981 3940 1149 4018 postquam
1171 3928 1276 3994 turba

252 4036 320 4090 tum
344 4028 377 4091 in
404 4029 512 4094 castris
543 4050 705 4114 accepere,
737 4028 851 4093 vexilla
876 4026 1055 4092 convellunt
1085 4024 1275 4109 direptisque

252 4120 401 4205 proximis
425 4121 501 4186 vicis
527 4123 658 4209 ipsoque
679 4122 855 4206 Nauporto,
882 4120 967 4204 quod
993 4117 1154 4203 municipii
1179 4117 1275 4180 instar
