<?xml version="1.0" encoding="UTF-8"?>
<!DOCTYPE html PUBLIC "-//W3C//DTD XHTML 1.0 Transitional//EN"
    "http://www.w3.org/TR/xhtml1/DTD/xhtml1-transitional.dtd">
<html xmlns="http://www.w3.org/1999/xhtml" xml:lang="en" lang="en">
 <head>
  <title>
</title>
<meta http-equiv="Content-Type" content="text/html;charset=utf-8" />
  <meta name='ocr-system' content='tesseract 3.04.00' />
  <meta name='ocr-capabilities' content='ocr_page ocr_carea ocr_par ocr_line ocrx_word'/>
</head>
<body>
  <div class='ocr_page' id='page_1' title='image "./corneliitacitio01haasgoog_0274.png"; bbox 0 0 2760 4874; ppageno 0'>
   <div class='ocr_carea' id='block_1_1' title="bbox 138 421 1160 572">
    <p class='ocr_par' dir='ltr' id='par_1_1' title="bbox 138 421 1160 572">
     <span class='ocr_line' id='line_1_1' title="bbox 399 421 1160 487; baseline 0.001 -4"><span class='ocrx_word' id='word_1_1' title='bbox 399 428 607 487; x_wconf 76' lang='lat' dir='ltr'><strong>ANNALIUM</strong></span> <span class='ocrx_word' id='word_1_2' title='bbox 625 431 699 485; x_wconf 85' lang='lat' dir='ltr'><strong>LIB.</strong></span> <span class='ocrx_word' id='word_1_3' title='bbox 716 431 767 485; x_wconf 92' lang='lat' dir='ltr'><strong>XI.</strong></span> <span class='ocrx_word' id='word_1_4' title='bbox 785 431 904 484; x_wconf 70' lang='lat'><strong>33-31.</strong></span> <span class='ocrx_word' id='word_1_5' title='bbox 1099 421 1160 484; x_wconf 76' lang='grc'><strong>197</strong></span> 
     </span>
     <span class='ocr_line' id='line_1_2' title="bbox 138 521 253 572; baseline -0.017 -10"><span class='ocrx_word' id='word_1_6' title='bbox 138 534 159 572; x_wconf 77' lang='lat' dir='ltr'><strong>p.</strong></span> <span class='ocrx_word' id='word_1_7' title='bbox 171 521 211 562; x_wconf 81' lang='lat' dir='ltr'><strong>ca.</strong></span> <span class='ocrx_word' id='word_1_8' title='bbox 221 523 253 560; x_wconf 74' lang='lat' dir='ltr'><strong>ss.</strong></span> 
     </span>
    </p>
   </div>
   <div class='ocr_carea' id='block_1_2' title="bbox 136 587 1231 4258">
    <p class='ocr_par' dir='ltr' id='par_1_2' title="bbox 137 587 1167 1050">
     <span class='ocr_line' id='line_1_3' title="bbox 137 587 1163 664; baseline 0.001 -11"><span class='ocrx_word' id='word_1_9' title='bbox 137 589 287 653; x_wconf 90' lang='lat' dir='ltr'><strong>indicium</strong></span> <span class='ocrx_word' id='word_1_10' title='bbox 300 588 490 664; x_wconf 85' lang='lat' dir='ltr'><strong>offerentem,</strong></span> <span class='ocrx_word' id='word_1_11' title='bbox 505 587 645 652; x_wconf 89' lang='lat' dir='ltr'><strong>Vettium</strong></span> <span class='ocrx_word' id='word_1_12' title='bbox 656 587 821 652; x_wconf 79' lang='lat' dir='ltr'>Valentem</span> <span class='ocrx_word' id='word_1_13' title='bbox 835 587 1014 653; x_wconf 84' lang='lat' dir='ltr'><strong>consessum</strong></span> <span class='ocrx_word' id='word_1_14' title='bbox 1030 589 1163 654; x_wconf 88' lang='lat' dir='ltr'><strong>etPom-</strong></span> 
     </span>
     <span class='ocr_line' id='line_1_4' title="bbox 138 679 1163 768; baseline 0.002 -21"><span class='ocrx_word' id='word_1_15' title='bbox 138 683 244 767; x_wconf 89' lang='lat' dir='ltr'><strong>peium</strong></span> <span class='ocrx_word' id='word_1_16' title='bbox 258 681 412 746; x_wconf 83' lang='lat' dir='ltr'><strong>Urbicum</strong></span> <span class='ocrx_word' id='word_1_17' title='bbox 431 703 467 745; x_wconf 85' lang='lat' dir='ltr'><strong>ac</strong></span> <span class='ocrx_word' id='word_1_18' title='bbox 483 679 647 764; x_wconf 85' lang='lat' dir='ltr'><strong>Saufeium</strong></span> <span class='ocrx_word' id='word_1_19' title='bbox 661 681 803 768; x_wconf 86' lang='lat' dir='ltr'>Trogum</span> <span class='ocrx_word' id='word_1_20' title='bbox 821 704 861 747; x_wconf 86' lang='lat' dir='ltr'><strong>ex</strong></span> <span class='ocrx_word' id='word_1_21' title='bbox 878 683 1010 747; x_wconf 89' lang='lat' dir='ltr'><strong>consciis</strong></span> <span class='ocrx_word' id='word_1_22' title='bbox 1029 684 1109 747; x_wconf 82' lang='lat' dir='ltr'><strong>tradi</strong></span> <span class='ocrx_word' id='word_1_23' title='bbox 1122 685 1163 749; x_wconf 71' lang='lat' dir='ltr'><strong>all</strong></span> 
     </span>
     <span class='ocr_line' id='line_1_5' title="bbox 140 775 1163 862; baseline 0 -22"><span class='ocrx_word' id='word_1_24' title='bbox 140 776 328 862; x_wconf 91' lang='lat' dir='ltr'><strong>supplicium</strong></span> <span class='ocrx_word' id='word_1_25' title='bbox 345 775 445 853; x_wconf 85' lang='lat' dir='ltr'><strong>iubet3</strong></span> <span class='ocrx_word' id='word_1_26' title='bbox 468 775 603 840; x_wconf 79' lang='lat' dir='ltr'>Decrius</span> <span class='ocrx_word' id='word_1_27' title='bbox 622 798 746 859; x_wconf 88' lang='lat' dir='ltr'><strong>quoque</strong></span> <span class='ocrx_word' id='word_1_28' title='bbox 769 775 1013 861; x_wconf 81' lang='lat' dir='ltr'><strong>Calpurnianus,</strong></span> <span class='ocrx_word' id='word_1_29' title='bbox 1032 777 1163 862; x_wconf 80' lang='lat' dir='ltr'><strong>vigilum</strong></span> 
     </span>
     <span class='ocr_line' id='line_1_6' title="bbox 137 868 1167 956; baseline 0 -21"><span class='ocrx_word' id='word_1_30' title='bbox 137 872 328 956; x_wconf 77' lang='lat' dir='ltr'><strong>praefectus,</strong></span> <span class='ocrx_word' id='word_1_31' title='bbox 350 868 508 956; x_wconf 83' lang='lat' dir='ltr'><strong>Sulpicius</strong></span> <span class='ocrx_word' id='word_1_32' title='bbox 526 870 640 947; x_wconf 86' lang='lat' dir='ltr'><strong>Rufus,</strong></span> <span class='ocrx_word' id='word_1_33' title='bbox 659 870 725 934; x_wconf 83' lang='lat' dir='ltr'><strong>ludi</strong></span> <span class='ocrx_word' id='word_1_34' title='bbox 742 881 930 956; x_wconf 88' lang='lat' dir='ltr'><strong>procurator,</strong></span> <span class='ocrx_word' id='word_1_35' title='bbox 949 870 1066 935; x_wconf 90' lang='lat' dir='ltr'><strong>Iuncus</strong></span> <span class='ocrx_word' id='word_1_36' title='bbox 1084 870 1167 935; x_wconf 89' lang='lat' dir='ltr'><strong>Ver-</strong></span> 
     </span>
     <span class='ocr_line' id='line_1_7' title="bbox 137 964 792 1050; baseline 0 -22"><span class='ocrx_word' id='word_1_37' title='bbox 137 966 272 1050; x_wconf 89' lang='lat' dir='ltr'><strong>gilianus</strong></span> <span class='ocrx_word' id='word_1_38' title='bbox 292 975 416 1029; x_wconf 90' lang='lat' dir='ltr'><strong>senator</strong></span> <span class='ocrx_word' id='word_1_39' title='bbox 433 966 543 1031; x_wconf 89' lang='lat' dir='ltr'><strong>eadem</strong></span> <span class='ocrx_word' id='word_1_40' title='bbox 560 987 662 1050; x_wconf 88' lang='lat' dir='ltr'><strong>poena</strong></span> <span class='ocrx_word' id='word_1_41' title='bbox 679 964 792 1029; x_wconf 86' lang='lat' dir='ltr'><strong>affecti.</strong></span> 
     </span>
    </p>

    <p class='ocr_par' dir='ltr' id='par_1_3' title="bbox 136 1056 1214 2466">
     <span class='ocr_line' id='line_1_8' title="bbox 204 1056 1214 1136; baseline 0.004 -13"><span class='ocrx_word' id='word_1_42' title='bbox 204 1056 299 1125; x_wconf 91' lang='lat' dir='ltr'><strong>Solus</strong></span> <span class='ocrx_word' id='word_1_43' title='bbox 313 1057 455 1123; x_wconf 87' lang='lat' dir='ltr'><strong>Mnester</strong></span> <span class='ocrx_word' id='word_1_44' title='bbox 469 1060 696 1124; x_wconf 80' lang='lat' dir='ltr'><strong>cunctationem</strong></span> <span class='ocrx_word' id='word_1_45' title='bbox 710 1058 820 1136; x_wconf 88' lang='lat' dir='ltr'><strong>attulit,</strong></span> <span class='ocrx_word' id='word_1_46' title='bbox 840 1059 987 1124; x_wconf 87' lang='lat' dir='ltr'><strong>dilaniata</strong></span> <span class='ocrx_word' id='word_1_47' title='bbox 1000 1070 1088 1124; x_wconf 89' lang='lat' dir='ltr'><strong>veste</strong></span> <span class='ocrx_word' id='word_1_48' title='bbox 1102 1059 1164 1125; x_wconf 90' lang='lat' dir='ltr'><strong>cla·</strong></span> <span class='ocrx_word' id='word_1_49' title='bbox 1183 1081 1214 1127; x_wconf 80' lang='lat' dir='ltr'><strong>aa</strong></span> 
     </span>
     <span class='ocr_line' id='line_1_9' title="bbox 137 1152 1164 1238; baseline 0.003 -23"><span class='ocrx_word' id='word_1_50' title='bbox 137 1153 266 1217; x_wconf 87' lang='lat' dir='ltr'><strong>mitans:</strong></span> <span class='ocrx_word' id='word_1_51' title='bbox 285 1153 437 1238; x_wconf 86' lang='lat' dir='ltr'><strong>aspiceret</strong></span> <span class='ocrx_word' id='word_1_52' title='bbox 450 1152 614 1217; x_wconf 80' lang='lat' dir='ltr'><strong>verberum</strong></span> <span class='ocrx_word' id='word_1_53' title='bbox 627 1161 727 1230; x_wconf 90' lang='lat' dir='ltr'><strong>notas,</strong></span> <span class='ocrx_word' id='word_1_54' title='bbox 741 1153 989 1218; x_wconf 89' lang='lat' dir='ltr'><strong>reminisceretur</strong></span> <span class='ocrx_word' id='word_1_55' title='bbox 1002 1154 1088 1218; x_wconf 89' lang='lat' dir='ltr'><strong>vocis</strong></span> <span class='ocrx_word' id='word_1_56' title='bbox 1101 1176 1164 1236; x_wconf 88' lang='lat' dir='ltr'><strong>qua</strong></span> 
     </span>
     <span class='ocr_line' id='line_1_10' title="bbox 138 1246 1164 1332; baseline 0 -21"><span class='ocrx_word' id='word_1_57' title='bbox 138 1269 173 1311; x_wconf 92' lang='lat' dir='ltr'><strong>se</strong></span> <span class='ocrx_word' id='word_1_58' title='bbox 187 1246 357 1311; x_wconf 85' lang='lat' dir='ltr'><strong>obnoxium</strong></span> <span class='ocrx_word' id='word_1_59' title='bbox 370 1247 464 1311; x_wconf 86' lang='lat' dir='ltr'><strong>iussis</strong></span> <span class='ocrx_word' id='word_1_60' title='bbox 478 1247 670 1311; x_wconf 87' lang='lat' dir='ltr'><strong>Messalinae</strong></span> <span class='ocrx_word' id='word_1_61' title='bbox 684 1247 835 1324; x_wconf 84' lang='lat' dir='ltr'><strong>dedisset3</strong></span> <span class='ocrx_word' id='word_1_62' title='bbox 851 1247 918 1312; x_wconf 88' lang='lat' dir='ltr'><strong>aliis</strong></span> <span class='ocrx_word' id='word_1_63' title='bbox 933 1247 1096 1332; x_wconf 80' lang='lat' dir='ltr'><strong>largitione</strong></span> <span class='ocrx_word' id='word_1_64' title='bbox 1110 1257 1164 1323; x_wconf 86' lang='lat' dir='ltr'><strong>aut</strong></span> 
     </span>
     <span class='ocr_line' id='line_1_11' title="bbox 138 1341 1164 1427; baseline 0 -22"><span class='ocrx_word' id='word_1_65' title='bbox 138 1341 207 1426; x_wconf 90' lang='lat' dir='ltr'><strong>spei</strong></span> <span class='ocrx_word' id='word_1_66' title='bbox 220 1341 443 1426; x_wconf 81' lang='lat' dir='ltr'><strong>magnitudine,</strong></span> <span class='ocrx_word' id='word_1_67' title='bbox 463 1341 523 1423; x_wconf 88' lang='lat' dir='ltr'><strong>sibi</strong></span> <span class='ocrx_word' id='word_1_68' title='bbox 540 1363 580 1406; x_wconf 83' lang='lat' dir='ltr'><strong>ex</strong></span> <span class='ocrx_word' id='word_1_69' title='bbox 593 1341 777 1406; x_wconf 86' lang='lat' dir='ltr'><strong>necessitate</strong></span> <span class='ocrx_word' id='word_1_70' title='bbox 791 1341 929 1427; x_wconf 90' lang='lat' dir='ltr'><strong>culpam;</strong></span> <span class='ocrx_word' id='word_1_71' title='bbox 947 1365 1005 1408; x_wconf 88' lang='lat' dir='ltr'><strong>nec</strong></span> <span class='ocrx_word' id='word_1_72' title='bbox 1019 1343 1164 1426; x_wconf 89' lang='lat' dir='ltr'><strong>cuiquam</strong></span> 
     </span>
     <span class='ocr_line' id='line_1_12' title="bbox 138 1433 1165 1521; baseline 0.001 -22"><span class='ocrx_word' id='word_1_73' title='bbox 138 1444 210 1499; x_wconf 87' lang='lat' dir='ltr'><strong>ante</strong></span> <span class='ocrx_word' id='word_1_74' title='bbox 220 1436 421 1520; x_wconf 88' lang='lat' dir='ltr'><strong>pereundum</strong></span> <span class='ocrx_word' id='word_1_75' title='bbox 435 1435 543 1512; x_wconf 84' lang='lat' dir='ltr'><strong>fuisse,</strong></span> <span class='ocrx_word' id='word_1_76' title='bbox 563 1436 590 1500; x_wconf 94' lang='lat' dir='ltr'><strong>si</strong></span> <span class='ocrx_word' id='word_1_77' title='bbox 605 1433 819 1514; x_wconf 87' lang='lat' dir='ltr'><strong>Siliusrerum</strong></span> <span class='ocrx_word' id='word_1_78' title='bbox 837 1445 1003 1521; x_wconf 85' lang='lat' dir='ltr'><strong>poteretur.</strong></span> <span class='ocrx_word' id='word_1_79' title='bbox 1016 1458 1165 1520; x_wconf 28' lang='lat' dir='ltr'><strong>,commo-</strong></span> 
     </span>
     <span class='ocr_line' id='line_1_13' title="bbox 138 1523 1164 1619; baseline 0.001 -27"><span class='ocrx_word' id='word_1_80' title='bbox 138 1540 205 1592; x_wconf 89' lang='lat' dir='ltr'><strong>tum</strong></span> <span class='ocrx_word' id='word_1_81' title='bbox 222 1530 271 1594; x_wconf 91' lang='lat' dir='ltr'><strong>his</strong></span> <span class='ocrx_word' id='word_1_82' title='bbox 290 1539 321 1593; x_wconf 92' lang='lat' dir='ltr'><strong>et</strong></span> <span class='ocrx_word' id='word_1_83' title='bbox 337 1552 470 1619; x_wconf 88' lang='lat' dir='ltr'><strong>pronum</strong></span> <span class='ocrx_word' id='word_1_84' title='bbox 488 1531 528 1594; x_wconf 87' lang='lat' dir='ltr'><strong>ad</strong></span> <span class='ocrx_word' id='word_1_85' title='bbox 549 1530 792 1594; x_wconf 90' lang='lat' dir='ltr'><strong>misericordiam</strong></span> <span class='ocrx_word' id='word_1_86' title='bbox 812 1523 980 1595; x_wconf 88' lang='lat' dir='ltr'><strong>Caesarem</strong></span> <span class='ocrx_word' id='word_1_87' title='bbox 1002 1528 1164 1615; x_wconf 79' lang='lat' dir='ltr'><strong>perpulere</strong></span> 
     </span>
     <span class='ocr_line' id='line_1_14' title="bbox 137 1624 1165 1712; baseline -0.001 -24"><span class='ocrx_word' id='word_1_88' title='bbox 137 1625 253 1702; x_wconf 87' lang='lat' dir='ltr'><strong>liberti,</strong></span> <span class='ocrx_word' id='word_1_89' title='bbox 272 1647 311 1688; x_wconf 91' lang='lat' dir='ltr'><strong>ne</strong></span> <span class='ocrx_word' id='word_1_90' title='bbox 330 1634 375 1689; x_wconf 90' lang='lat' dir='ltr'><strong>tot</strong></span> <span class='ocrx_word' id='word_1_91' title='bbox 392 1625 563 1690; x_wconf 78' lang='lat' dir='ltr'><strong>illustribus</strong></span> <span class='ocrx_word' id='word_1_92' title='bbox 582 1626 655 1690; x_wconf 76' lang='lat' dir='ltr'><strong>viris</strong></span> <span class='ocrx_word' id='word_1_93' title='bbox 674 1625 844 1712; x_wconf 87' lang='lat' dir='ltr'><strong>interfectis</strong></span> <span class='ocrx_word' id='word_1_94' title='bbox 862 1625 1005 1690; x_wconf 89' lang='lat' dir='ltr'><strong>histrioni</strong></span> <span class='ocrx_word' id='word_1_95' title='bbox 1022 1624 1165 1689; x_wconf 90' lang='lat' dir='ltr'><strong>consule.-</strong></span> 
     </span>
     <span class='ocr_line' id='line_1_15' title="bbox 136 1718 1166 1809; baseline -0.001 -26"><span class='ocrx_word' id='word_1_96' title='bbox 136 1729 235 1783; x_wconf 86' lang='lat' dir='ltr'><strong>retur:</strong></span> <span class='ocrx_word' id='word_1_97' title='bbox 254 1729 363 1804; x_wconf 92' lang='lat' dir='ltr'><strong>sponte</strong></span> <span class='ocrx_word' id='word_1_98' title='bbox 381 1743 422 1809; x_wconf 89' lang='lat' dir='ltr'><strong>an</strong></span> <span class='ocrx_word' id='word_1_99' title='bbox 440 1730 565 1785; x_wconf 86' lang='lat' dir='ltr'><strong>coactus</strong></span> <span class='ocrx_word' id='word_1_100' title='bbox 584 1729 647 1784; x_wconf 91' lang='lat' dir='ltr'><strong>tam</strong></span> <span class='ocrx_word' id='word_1_101' title='bbox 665 1744 780 1806; x_wconf 89' lang='lat' dir='ltr'><strong>magna</strong></span> <span class='ocrx_word' id='word_1_102' title='bbox 797 1721 1003 1805; x_wconf 86' lang='lat' dir='ltr'><strong>peccavisset,</strong></span> <span class='ocrx_word' id='word_1_103' title='bbox 1023 1718 1099 1783; x_wconf 92' lang='lat' dir='ltr'><strong>nihil</strong></span> <span class='ocrx_word' id='word_1_104' title='bbox 1116 1741 1166 1783; x_wconf 85' lang='lat' dir='ltr'><strong>re·</strong></span> 
     </span>
     <span class='ocr_line' id='line_1_16' title="bbox 137 1813 1165 1898; baseline -0.001 -21"><span class='ocrx_word' id='word_1_105' title='bbox 137 1814 228 1878; x_wconf 85' lang='lat' dir='ltr'><strong>ferre.</strong></span> <span class='ocrx_word' id='word_1_106' title='bbox 251 1836 291 1878; x_wconf 93' lang='lat' dir='ltr'><strong>ne</strong></span> <span class='ocrx_word' id='word_1_107' title='bbox 309 1815 418 1878; x_wconf 86' lang='lat' dir='ltr'><strong>Trauli</strong></span> <span class='ocrx_word' id='word_1_108' title='bbox 435 1815 561 1897; x_wconf 91' lang='lat' dir='ltr'><strong>quidem</strong></span> <span class='ocrx_word' id='word_1_109' title='bbox 580 1814 739 1892; x_wconf 90' lang='lat' dir='ltr'><strong>Montani,</strong></span> <span class='ocrx_word' id='word_1_110' title='bbox 759 1815 871 1898; x_wconf 88' lang='lat' dir='ltr'><strong>equitis</strong></span> <span class='ocrx_word' id='word_1_111' title='bbox 888 1815 1037 1892; x_wconf 86' lang='lat' dir='ltr'><strong>Romani,</strong></span> <span class='ocrx_word' id='word_1_112' title='bbox 1057 1813 1165 1877; x_wconf 85' lang='lat' dir='ltr'><strong>defeu-</strong></span> 
     </span>
     <span class='ocr_line' id='line_1_17' title="bbox 139 1908 1163 1994; baseline -0.002 -22"><span class='ocrx_word' id='word_1_113' title='bbox 139 1909 186 1973; x_wconf 92' lang='lat' dir='ltr'><strong>sio</strong></span> <span class='ocrx_word' id='word_1_114' title='bbox 208 1917 333 1993; x_wconf 88' lang='lat' dir='ltr'><strong>recepta</strong></span> <span class='ocrx_word' id='word_1_115' title='bbox 354 1918 416 1986; x_wconf 88' lang='lat' dir='ltr'><strong>est;</strong></span> <span class='ocrx_word' id='word_1_116' title='bbox 439 1909 466 1973; x_wconf 91' lang='lat' dir='ltr'><strong>is</strong></span> <span class='ocrx_word' id='word_1_117' title='bbox 490 1910 632 1974; x_wconf 92' lang='lat' dir='ltr'><strong>modesta</strong></span> <span class='ocrx_word' id='word_1_118' title='bbox 648 1910 789 1986; x_wconf 88' lang='lat' dir='ltr'><strong>iuventa,</strong></span> <span class='ocrx_word' id='word_1_119' title='bbox 813 1911 869 1973; x_wconf 92' lang='lat' dir='ltr'><strong>sed</strong></span> <span class='ocrx_word' id='word_1_120' title='bbox 891 1931 1019 1994; x_wconf 89' lang='lat' dir='ltr'><strong>corpore</strong></span> <span class='ocrx_word' id='word_1_121' title='bbox 1037 1908 1163 1993; x_wconf 83' lang='lat' dir='ltr'><strong>insigni,</strong></span> 
     </span>
     <span class='ocr_line' id='line_1_18' title="bbox 138 2001 1165 2088; baseline -0.002 -22"><span class='ocrx_word' id='word_1_122' title='bbox 138 2002 255 2066; x_wconf 88' lang='lat' dir='ltr'><strong>accitus</strong></span> <span class='ocrx_word' id='word_1_123' title='bbox 273 2002 354 2066; x_wconf 88' lang='lat' dir='ltr'><strong>ultro</strong></span> <span class='ocrx_word' id='word_1_124' title='bbox 367 2011 552 2086; x_wconf 88' lang='lat' dir='ltr'><strong>noctemque</strong></span> <span class='ocrx_word' id='word_1_125' title='bbox 570 2003 650 2069; x_wconf 85' lang='lat' dir='ltr'><strong>intra</strong></span> <span class='ocrx_word' id='word_1_126' title='bbox 667 2026 762 2067; x_wconf 90' lang='lat' dir='ltr'><strong>unam</strong></span> <span class='ocrx_word' id='word_1_127' title='bbox 780 2002 985 2077; x_wconf 86' lang='lat' dir='ltr'><strong>aMessalina</strong></span> <span class='ocrx_word' id='word_1_128' title='bbox 1002 2001 1165 2088; x_wconf 89' lang='lat' dir='ltr'><strong>proturba-</strong></span> 
     </span>
     <span class='ocr_line' id='line_1_19' title="bbox 138 2093 1164 2183; baseline -0.002 -23"><span class='ocrx_word' id='word_1_129' title='bbox 138 2114 189 2160; x_wconf 91' lang='lat' dir='ltr'><strong>tus</strong></span> <span class='ocrx_word' id='word_1_130' title='bbox 208 2105 272 2160; x_wconf 88' lang='lat' dir='ltr'><strong>erat</strong></span> <span class='ocrx_word' id='word_1_131' title='bbox 289 2096 416 2181; x_wconf 91' lang='lat' dir='ltr'><strong>paribus</strong></span> <span class='ocrx_word' id='word_1_132' title='bbox 435 2096 571 2162; x_wconf 88' lang='lat' dir='ltr'><strong>lasciviis</strong></span> <span class='ocrx_word' id='word_1_133' title='bbox 590 2098 631 2161; x_wconf 90' lang='lat' dir='ltr'><strong>ad</strong></span> <span class='ocrx_word' id='word_1_134' title='bbox 649 2098 825 2183; x_wconf 90' lang='lat' dir='ltr'><strong>cupidinem</strong></span> <span class='ocrx_word' id='word_1_135' title='bbox 844 2107 875 2162; x_wconf 91' lang='lat' dir='ltr'><strong>et</strong></span> <span class='ocrx_word' id='word_1_136' title='bbox 892 2097 1027 2161; x_wconf 84' lang='lat' dir='ltr'><strong>fastidia.</strong></span> <span class='ocrx_word' id='word_1_137' title='bbox 1053 2093 1164 2160; x_wconf 89' lang='lat' dir='ltr'><strong>Suillio</strong></span> 
     </span>
     <span class='ocr_line' id='line_1_20' title="bbox 139 2188 1164 2264; baseline -0.003 -9"><span class='ocrx_word' id='word_1_138' title='bbox 139 2189 317 2255; x_wconf 86' lang='lat' dir='ltr'><strong>Caesonino</strong></span> <span class='ocrx_word' id='word_1_139' title='bbox 340 2200 371 2254; x_wconf 91' lang='lat' dir='ltr'><strong>et</strong></span> <span class='ocrx_word' id='word_1_140' title='bbox 391 2190 517 2261; x_wconf 88' lang='lat' dir='ltr'><strong>Plautio</strong></span> <span class='ocrx_word' id='word_1_141' title='bbox 539 2193 804 2264; x_wconf 89' lang='lat' dir='ltr'><strong>Laterano-mors</strong></span> <span class='ocrx_word' id='word_1_142' title='bbox 826 2192 1005 2256; x_wconf 88' lang='lat' dir='ltr'><strong>remittitur:</strong></span> <span class='ocrx_word' id='word_1_143' title='bbox 1027 2190 1101 2254; x_wconf 89' lang='lat' dir='ltr'><strong>huic</strong></span> <span class='ocrx_word' id='word_1_144' title='bbox 1124 2188 1164 2253; x_wconf 92' lang='lat' dir='ltr'><strong>ob</strong></span> 
     </span>
     <span class='ocr_line' id='line_1_21' title="bbox 137 2284 1162 2370; baseline -0.007 -18"><span class='ocrx_word' id='word_1_145' title='bbox 137 2285 240 2369; x_wconf 84' lang='lat' dir='ltr'><strong>patrui</strong></span> <span class='ocrx_word' id='word_1_146' title='bbox 257 2285 418 2370; x_wconf 87' lang='lat' dir='ltr'><strong>egregium</strong></span> <span class='ocrx_word' id='word_1_147' title='bbox 432 2286 590 2363; x_wconf 88' lang='lat' dir='ltr'><strong>meritum;</strong></span> <span class='ocrx_word' id='word_1_148' title='bbox 611 2284 808 2350; x_wconf 86' lang='lat' dir='ltr'><strong>Caesoninus</strong></span> <span class='ocrx_word' id='word_1_149' title='bbox 827 2286 909 2350; x_wconf 89' lang='lat' dir='ltr'><strong>vitiis</strong></span> <span class='ocrx_word' id='word_1_150' title='bbox 927 2293 1086 2370; x_wconf 89' lang='lat' dir='ltr'><strong>protectus</strong></span> <span class='ocrx_word' id='word_1_151' title='bbox 1105 2292 1162 2358; x_wconf 89' lang='lat' dir='ltr'><strong>est,</strong></span> 
     </span>
     <span class='ocr_line' id='line_1_22' title="bbox 138 2376 1047 2466; baseline -0.001 -23"><span class='ocrx_word' id='word_1_152' title='bbox 138 2393 297 2462; x_wconf 89' lang='lat' dir='ltr'><strong>tamquam</strong></span> <span class='ocrx_word' id='word_1_153' title='bbox 313 2376 347 2443; x_wconf 90' lang='lat' dir='ltr'><strong>in</strong></span> <span class='ocrx_word' id='word_1_154' title='bbox 363 2380 417 2444; x_wconf 95' lang='lat' dir='ltr'><strong>illo</strong></span> <span class='ocrx_word' id='word_1_155' title='bbox 435 2380 616 2445; x_wconf 83' lang='lat' dir='ltr'><strong>foedissimo</strong></span> <span class='ocrx_word' id='word_1_156' title='bbox 635 2389 726 2445; x_wconf 88' lang='lat' dir='ltr'><strong>coetu</strong></span> <span class='ocrx_word' id='word_1_157' title='bbox 743 2404 856 2466; x_wconf 88' lang='lat' dir='ltr'><strong>passus</strong></span> <span class='ocrx_word' id='word_1_158' title='bbox 874 2378 1047 2443; x_wconf 88' lang='lat' dir='ltr'><strong>muliebria.</strong></span> 
     </span>
    </p>

    <p class='ocr_par' dir='ltr' id='par_1_4' title="bbox 138 2471 1231 4258">
     <span class='ocr_line' id='line_1_23' title="bbox 202 2471 1213 2558; baseline -0.003 -21"><span class='ocrx_word' id='word_1_159' title='bbox 202 2473 331 2538; x_wconf 89' lang='lat' dir='ltr'><strong>lnterim</strong></span> <span class='ocrx_word' id='word_1_160' title='bbox 339 2474 513 2539; x_wconf 88' lang='lat' dir='ltr'><strong>Messalina</strong></span> <span class='ocrx_word' id='word_1_161' title='bbox 524 2474 721 2540; x_wconf 88' lang='lat' dir='ltr'><strong>Lucullianis</strong></span> <span class='ocrx_word' id='word_1_162' title='bbox 735 2475 769 2539; x_wconf 91' lang='lat' dir='ltr'><strong>in</strong></span> <span class='ocrx_word' id='word_1_163' title='bbox 781 2474 879 2538; x_wconf 89' lang='lat' dir='ltr'><strong>hortis</strong></span> <span class='ocrx_word' id='word_1_164' title='bbox 892 2473 1046 2558; x_wconf 87' lang='lat' dir='ltr'><strong>prolatare</strong></span> <span class='ocrx_word' id='word_1_165' title='bbox 1055 2471 1162 2546; x_wconf 87' lang='lat' dir='ltr'><strong>vitam,</strong></span> <span class='ocrx_word' id='word_1_166' title='bbox 1182 2488 1213 2534; x_wconf 76' lang='lat'><strong>37</strong></span> 
     </span>
     <span class='ocr_line' id='line_1_24' title="bbox 139 2568 1164 2655; baseline -0.004 -23"><span class='ocrx_word' id='word_1_167' title='bbox 139 2591 324 2655; x_wconf 90' lang='lat' dir='ltr'><strong>componere</strong></span> <span class='ocrx_word' id='word_1_168' title='bbox 341 2592 464 2655; x_wconf 87' lang='lat' dir='ltr'><strong>preces,</strong></span> <span class='ocrx_word' id='word_1_169' title='bbox 488 2570 637 2634; x_wconf 89' lang='lat' dir='ltr'><strong>nonnulla</strong></span> <span class='ocrx_word' id='word_1_170' title='bbox 655 2592 711 2655; x_wconf 91' lang='lat' dir='ltr'><strong>spe</strong></span> <span class='ocrx_word' id='word_1_171' title='bbox 729 2578 760 2634; x_wconf 91' lang='lat' dir='ltr'><strong>et</strong></span> <span class='ocrx_word' id='word_1_172' title='bbox 777 2569 944 2653; x_wconf 90' lang='lat' dir='ltr'><strong>aliquando</strong></span> <span class='ocrx_word' id='word_1_173' title='bbox 961 2568 1020 2632; x_wconf 85' lang='lat' dir='ltr'><strong>ira:</strong></span> <span class='ocrx_word' id='word_1_174' title='bbox 1044 2574 1164 2634; x_wconf 86' lang='lat' dir='ltr'><strong>tantum</strong></span> 
     </span>
     <span class='ocr_line' id='line_1_25' title="bbox 138 2658 1165 2751; baseline -0.003 -24"><span class='ocrx_word' id='word_1_175' title='bbox 138 2664 218 2728; x_wconf 92' lang='lat' dir='ltr'><strong>inter</strong></span> <span class='ocrx_word' id='word_1_176' title='bbox 240 2673 378 2730; x_wconf 85' lang='lat' dir='ltr'><strong>extrema</strong></span> <span class='ocrx_word' id='word_1_177' title='bbox 396 2658 560 2749; x_wconf 83' lang='lat' dir='ltr'><strong>superbiae</strong></span> <span class='ocrx_word' id='word_1_178' title='bbox 583 2663 723 2750; x_wconf 79' lang='lat' dir='ltr'><strong>gerebat3</strong></span> <span class='ocrx_word' id='word_1_179' title='bbox 737 2686 782 2751; x_wconf 86' lang='lat' dir='ltr'><strong>ac</strong></span> <span class='ocrx_word' id='word_1_180' title='bbox 800 2664 833 2726; x_wconf 91' lang='lat' dir='ltr'><strong>ni</strong></span> <span class='ocrx_word' id='word_1_181' title='bbox 851 2663 978 2727; x_wconf 91' lang='lat' dir='ltr'><strong>caedem</strong></span> <span class='ocrx_word' id='word_1_182' title='bbox 1001 2661 1067 2725; x_wconf 88' lang='lat' dir='ltr'><strong>eius</strong></span> <span class='ocrx_word' id='word_1_183' title='bbox 1085 2659 1165 2725; x_wconf 88' lang='lat' dir='ltr'><strong>Nar-</strong></span> 
     </span>
     <span class='ocr_line' id='line_1_26' title="bbox 139 2758 1164 2845; baseline -0.001 -24"><span class='ocrx_word' id='word_1_184' title='bbox 139 2758 240 2823; x_wconf 90' lang='lat' dir='ltr'><strong>cissus</strong></span> <span class='ocrx_word' id='word_1_185' title='bbox 251 2759 488 2844; x_wconf 89' lang='lat' dir='ltr'><strong>properavisset,</strong></span> <span class='ocrx_word' id='word_1_186' title='bbox 504 2769 638 2827; x_wconf 87' lang='lat' dir='ltr'><strong>verterat</strong></span> <span class='ocrx_word' id='word_1_187' title='bbox 645 2760 798 2845; x_wconf 89' lang='lat' dir='ltr'><strong>pernicies</strong></span> <span class='ocrx_word' id='word_1_188' title='bbox 805 2760 839 2823; x_wconf 91' lang='lat' dir='ltr'><strong>in</strong></span> <span class='ocrx_word' id='word_1_189' title='bbox 849 2768 1071 2824; x_wconf 89' lang='lat' dir='ltr'><strong>accusatorem.</strong></span> <span class='ocrx_word' id='word_1_190' title='bbox 1091 2780 1164 2821; x_wconf 90' lang='lat' dir='ltr'><strong>nam</strong></span> 
     </span>
     <span class='ocr_line' id='line_1_27' title="bbox 140 2851 1231 2941; baseline -0.003 -24"><span class='ocrx_word' id='word_1_191' title='bbox 140 2851 292 2917; x_wconf 88' lang='lat' dir='ltr'><strong>Claudius</strong></span> <span class='ocrx_word' id='word_1_192' title='bbox 307 2853 435 2917; x_wconf 91' lang='lat' dir='ltr'><strong>domum</strong></span> <span class='ocrx_word' id='word_1_193' title='bbox 448 2877 611 2940; x_wconf 85' lang='lat' dir='ltr'><strong>regressus</strong></span> <span class='ocrx_word' id='word_1_194' title='bbox 626 2865 657 2919; x_wconf 91' lang='lat' dir='ltr'><strong>et</strong></span> <span class='ocrx_word' id='word_1_195' title='bbox 670 2855 863 2940; x_wconf 89' lang='lat' dir='ltr'><strong>tempestivis</strong></span> <span class='ocrx_word' id='word_1_196' title='bbox 882 2854 981 2941; x_wconf 89' lang='lat' dir='ltr'><strong>epulis</strong></span> <span class='ocrx_word' id='word_1_197' title='bbox 1000 2852 1163 2927; x_wconf 85' lang='lat' dir='ltr'><strong>delenitus,</strong></span> <span class='ocrx_word' id='word_1_198' title='bbox 1228 2895 1231 2898; x_wconf 87' lang='lat'>-</span> 
     </span>
     <span class='ocr_line' id='line_1_28' title="bbox 139 2946 1165 3032; baseline -0.001 -22"><span class='ocrx_word' id='word_1_199' title='bbox 139 2946 194 3010; x_wconf 92' lang='lat' dir='ltr'><strong>ubi</strong></span> <span class='ocrx_word' id='word_1_200' title='bbox 208 2946 281 3010; x_wconf 86' lang='lat' dir='ltr'><strong>vino</strong></span> <span class='ocrx_word' id='word_1_201' title='bbox 295 2947 431 3024; x_wconf 90' lang='lat' dir='ltr'><strong>incaluit,</strong></span> <span class='ocrx_word' id='word_1_202' title='bbox 446 2948 484 3012; x_wconf 90' lang='lat' dir='ltr'><strong>iri</strong></span> <span class='ocrx_word' id='word_1_203' title='bbox 497 2948 583 3015; x_wconf 89' lang='lat' dir='ltr'><strong>iubet</strong></span> <span class='ocrx_word' id='word_1_204' title='bbox 596 2950 794 3032; x_wconf 87' lang='lat' dir='ltr'><strong>nuntiarique</strong></span> <span class='ocrx_word' id='word_1_205' title='bbox 807 2949 939 3014; x_wconf 90' lang='lat' dir='ltr'><strong>miserae</strong></span> <span class='ocrx_word' id='word_1_206' title='bbox 953 2987 994 2995; x_wconf 96' lang='lat'><strong>—</strong></span> <span class='ocrx_word' id='word_1_207' title='bbox 1008 2947 1068 3012; x_wconf 90' lang='lat' dir='ltr'><strong>hoc</strong></span> <span class='ocrx_word' id='word_1_208' title='bbox 1082 2947 1165 3010; x_wconf 91' lang='lat' dir='ltr'><strong>enim</strong></span> 
     </span>
     <span class='ocr_line' id='line_1_29' title="bbox 139 3040 1164 3128; baseline -0.001 -24"><span class='ocrx_word' id='word_1_209' title='bbox 139 3040 236 3105; x_wconf 89' lang='lat' dir='ltr'><strong>verbo</strong></span> <span class='ocrx_word' id='word_1_210' title='bbox 258 3063 351 3105; x_wconf 93' lang='lat' dir='ltr'><strong>usum</strong></span> <span class='ocrx_word' id='word_1_211' title='bbox 374 3041 478 3106; x_wconf 84' lang='lat' dir='ltr'><strong>serunt</strong></span> <span class='ocrx_word' id='word_1_212' title='bbox 500 3082 542 3090; x_wconf 95' lang='lat'>—</span> <span class='ocrx_word' id='word_1_213' title='bbox 565 3045 729 3110; x_wconf 90' lang='lat' dir='ltr'><strong>dicendam</strong></span> <span class='ocrx_word' id='word_1_214' title='bbox 751 3045 791 3108; x_wconf 88' lang='lat' dir='ltr'><strong>ad</strong></span> <span class='ocrx_word' id='word_1_215' title='bbox 814 3065 941 3108; x_wconf 89' lang='lat' dir='ltr'><strong>causam</strong></span> <span class='ocrx_word' id='word_1_216' title='bbox 967 3052 1092 3128; x_wconf 89' lang='lat' dir='ltr'><strong>postera</strong></span> <span class='ocrx_word' id='word_1_217' title='bbox 1106 3041 1164 3104; x_wconf 77' lang='lat' dir='ltr'><strong>die</strong></span> 
     </span>
     <span class='ocr_line' id='line_1_30' title="bbox 139 3135 1163 3223; baseline -0.003 -24"><span class='ocrx_word' id='word_1_218' title='bbox 139 3135 277 3212; x_wconf 85' lang='lat' dir='ltr'><strong>adesset3</strong></span> <span class='ocrx_word' id='word_1_219' title='bbox 296 3136 380 3218; x_wconf 91' lang='lat' dir='ltr'><strong>quod</strong></span> <span class='ocrx_word' id='word_1_220' title='bbox 394 3135 448 3199; x_wconf 92' lang='lat' dir='ltr'><strong>ubi</strong></span> <span class='ocrx_word' id='word_1_221' title='bbox 461 3137 610 3215; x_wconf 87' lang='lat' dir='ltr'><strong>auditum,</strong></span> <span class='ocrx_word' id='word_1_222' title='bbox 626 3146 656 3201; x_wconf 90' lang='lat' dir='ltr'><strong>et</strong></span> <span class='ocrx_word' id='word_1_223' title='bbox 669 3138 872 3223; x_wconf 89' lang='lat' dir='ltr'><strong>languescere</strong></span> <span class='ocrx_word' id='word_1_224' title='bbox 884 3137 939 3212; x_wconf 89' lang='lat' dir='ltr'><strong>ira,</strong></span> <span class='ocrx_word' id='word_1_225' title='bbox 953 3136 1053 3199; x_wconf 91' lang='lat' dir='ltr'><strong>redire</strong></span> <span class='ocrx_word' id='word_1_226' title='bbox 1067 3157 1163 3210; x_wconf 89' lang='lat' dir='ltr'><strong>amor,</strong></span> 
     </span>
     <span class='ocr_line' id='line_1_31' title="bbox 139 3228 1165 3316; baseline 0 -24"><span class='ocrx_word' id='word_1_227' title='bbox 139 3228 223 3292; x_wconf 90' lang='lat' dir='ltr'><strong>acsi</strong></span> <span class='ocrx_word' id='word_1_228' title='bbox 245 3238 475 3306; x_wconf 87' lang='lat' dir='ltr'><strong>cunctarentur,</strong></span> <span class='ocrx_word' id='word_1_229' title='bbox 497 3231 674 3316; x_wconf 86' lang='lat' dir='ltr'><strong>propinqua</strong></span> <span class='ocrx_word' id='word_1_230' title='bbox 694 3252 758 3294; x_wconf 85' lang='lat' dir='ltr'><strong>nox</strong></span> <span class='ocrx_word' id='word_1_231' title='bbox 776 3239 807 3294; x_wconf 93' lang='lat' dir='ltr'><strong>et</strong></span> <span class='ocrx_word' id='word_1_232' title='bbox 824 3230 924 3294; x_wconf 87' lang='lat' dir='ltr'><strong>uxorii</strong></span> <span class='ocrx_word' id='word_1_233' title='bbox 947 3228 1082 3296; x_wconf 88' lang='lat' dir='ltr'><strong>cubiculi</strong></span> <span class='ocrx_word' id='word_1_234' title='bbox 1099 3250 1165 3292; x_wconf 89' lang='lat' dir='ltr'><strong>me-</strong></span> 
     </span>
     <span class='ocr_line' id='line_1_32' title="bbox 139 3322 1166 3410; baseline -0.002 -24"><span class='ocrx_word' id='word_1_235' title='bbox 139 3323 239 3386; x_wconf 88' lang='lat' dir='ltr'><strong>moria</strong></span> <span class='ocrx_word' id='word_1_236' title='bbox 256 3322 456 3400; x_wconf 88' lang='lat' dir='ltr'><strong>timebantur,</strong></span> <span class='ocrx_word' id='word_1_237' title='bbox 479 3325 653 3409; x_wconf 88' lang='lat' dir='ltr'><strong>prorumpit</strong></span> <span class='ocrx_word' id='word_1_238' title='bbox 668 3324 835 3410; x_wconf 84' lang='lat' dir='ltr'><strong>Narcissus</strong></span> <span class='ocrx_word' id='word_1_239' title='bbox 853 3323 1075 3404; x_wconf 87' lang='lat' dir='ltr'><strong>denuntiatque</strong></span> <span class='ocrx_word' id='word_1_240' title='bbox 1094 3342 1166 3385; x_wconf 90' lang='lat' dir='ltr'><strong>cen-</strong></span> 
     </span>
     <span class='ocr_line' id='line_1_33' title="bbox 139 3415 1166 3502; baseline -0.003 -22"><span class='ocrx_word' id='word_1_241' title='bbox 139 3416 313 3481; x_wconf 88' lang='lat' dir='ltr'><strong>turionibus</strong></span> <span class='ocrx_word' id='word_1_242' title='bbox 332 3426 364 3481; x_wconf 88' lang='lat' dir='ltr'><strong>et</strong></span> <span class='ocrx_word' id='word_1_243' title='bbox 380 3416 517 3495; x_wconf 84' lang='lat' dir='ltr'><strong>tribuno,</strong></span> <span class='ocrx_word' id='word_1_244' title='bbox 536 3419 591 3502; x_wconf 94' lang='lat' dir='ltr'><strong>qui</strong></span> <span class='ocrx_word' id='word_1_245' title='bbox 608 3419 728 3495; x_wconf 89' lang='lat' dir='ltr'><strong>aderat,</strong></span> <span class='ocrx_word' id='word_1_246' title='bbox 752 3418 865 3499; x_wconf 79' lang='lat' dir='ltr'><strong>exequi</strong></span> <span class='ocrx_word' id='word_1_247' title='bbox 883 3416 1024 3481; x_wconf 88' lang='lat' dir='ltr'><strong>caedem:</strong></span> <span class='ocrx_word' id='word_1_248' title='bbox 1047 3415 1092 3479; x_wconf 87' lang='lat' dir='ltr'><strong>ita</strong></span> <span class='ocrx_word' id='word_1_249' title='bbox 1108 3415 1166 3477; x_wconf 93' lang='lat' dir='ltr'><strong>im-</strong></span> 
     </span>
     <span class='ocr_line' id='line_1_34' title="bbox 139 3508 1166 3595; baseline -0.002 -22"><span class='ocrx_word' id='word_1_250' title='bbox 139 3519 315 3595; x_wconf 88' lang='lat' dir='ltr'><strong>peratorem</strong></span> <span class='ocrx_word' id='word_1_251' title='bbox 332 3510 448 3575; x_wconf 91' lang='lat' dir='ltr'><strong>iubere.</strong></span> <span class='ocrx_word' id='word_1_252' title='bbox 472 3522 578 3577; x_wconf 92' lang='lat' dir='ltr'><strong>custos</strong></span> <span class='ocrx_word' id='word_1_253' title='bbox 597 3521 628 3576; x_wconf 89' lang='lat' dir='ltr'><strong>et</strong></span> <span class='ocrx_word' id='word_1_254' title='bbox 646 3521 772 3582; x_wconf 82' lang='lat' dir='ltr'><strong>exactor</strong></span> <span class='ocrx_word' id='word_1_255' title='bbox 789 3533 807 3575; x_wconf 90' lang='lat' dir='ltr'><strong>e</strong></span> <span class='ocrx_word' id='word_1_256' title='bbox 824 3511 941 3576; x_wconf 88' lang='lat' dir='ltr'><strong>libertis</strong></span> <span class='ocrx_word' id='word_1_257' title='bbox 959 3509 1092 3574; x_wconf 79' lang='lat' dir='ltr'><strong>Euddus</strong></span> <span class='ocrx_word' id='word_1_258' title='bbox 1111 3508 1166 3571; x_wconf 88' lang='lat' dir='ltr'><strong>da·</strong></span> 
     </span>
     <span class='ocr_line' id='line_1_35' title="bbox 140 3598 1164 3693; baseline -0.002 -25"><span class='ocrx_word' id='word_1_259' title='bbox 140 3615 204 3681; x_wconf 83' lang='lat' dir='ltr'><strong>tur3</strong></span> <span class='ocrx_word' id='word_1_260' title='bbox 218 3604 307 3688; x_wconf 93' lang='lat' dir='ltr'><strong>isque</strong></span> <span class='ocrx_word' id='word_1_261' title='bbox 316 3606 428 3690; x_wconf 91' lang='lat' dir='ltr'><strong>raptim</strong></span> <span class='ocrx_word' id='word_1_262' title='bbox 438 3607 470 3669; x_wconf 91' lang='lat' dir='ltr'><strong>in</strong></span> <span class='ocrx_word' id='word_1_263' title='bbox 478 3598 584 3690; x_wconf 87' lang='lat' dir='ltr'><strong>hortos</strong></span> <span class='ocrx_word' id='word_1_264' title='bbox 594 3603 798 3693; x_wconf 86' lang='lat' dir='ltr'><strong>praegressus</strong></span> <span class='ocrx_word' id='word_1_265' title='bbox 812 3605 946 3692; x_wconf 87' lang='lat' dir='ltr'><strong>repperit</strong></span> <span class='ocrx_word' id='word_1_266' title='bbox 954 3605 1058 3669; x_wconf 84' lang='lat' dir='ltr'><strong>fusam</strong></span> <span class='ocrx_word' id='word_1_267' title='bbox 1066 3603 1164 3678; x_wconf 91' lang='lat' dir='ltr'><strong>humi,</strong></span> 
     </span>
     <span class='ocr_line' id='line_1_36' title="bbox 140 3698 1164 3787; baseline -0.002 -24"><span class='ocrx_word' id='word_1_268' title='bbox 140 3698 297 3764; x_wconf 87' lang='lat' dir='ltr'><strong>assidente</strong></span> <span class='ocrx_word' id='word_1_269' title='bbox 315 3709 414 3764; x_wconf 88' lang='lat' dir='ltr'><strong>matre</strong></span> <span class='ocrx_word' id='word_1_270' title='bbox 431 3701 569 3787; x_wconf 88' lang='lat' dir='ltr'><strong>Lepida,</strong></span> <span class='ocrx_word' id='word_1_271' title='bbox 593 3723 673 3785; x_wconf 91' lang='lat' dir='ltr'><strong>quae</strong></span> <span class='ocrx_word' id='word_1_272' title='bbox 691 3701 812 3766; x_wconf 88' lang='lat' dir='ltr'><strong>llorenti</strong></span> <span class='ocrx_word' id='word_1_273' title='bbox 833 3699 1017 3776; x_wconf 83' lang='lat' dir='ltr'><strong>filiaebaud</strong></span> <span class='ocrx_word' id='word_1_274' title='bbox 1035 3721 1164 3762; x_wconf 92' lang='lat' dir='ltr'><strong>concors</strong></span> 
     </span>
     <span class='ocr_line' id='line_1_37' title="bbox 141 3792 1166 3878; baseline -0.001 -21"><span class='ocrx_word' id='word_1_275' title='bbox 141 3793 296 3878; x_wconf 91' lang='lat' dir='ltr'><strong>supremis</strong></span> <span class='ocrx_word' id='word_1_276' title='bbox 319 3793 385 3858; x_wconf 92' lang='lat' dir='ltr'><strong>eius</strong></span> <span class='ocrx_word' id='word_1_277' title='bbox 408 3794 646 3860; x_wconf 88' lang='lat' dir='ltr'><strong>necessitatibus</strong></span> <span class='ocrx_word' id='word_1_278' title='bbox 669 3795 710 3859; x_wconf 88' lang='lat' dir='ltr'><strong>ad</strong></span> <span class='ocrx_word' id='word_1_279' title='bbox 731 3795 960 3865; x_wconf 84' lang='lat' dir='ltr'><strong>miserationem</strong></span> <span class='ocrx_word' id='word_1_280' title='bbox 983 3792 1083 3857; x_wconf 88' lang='lat' dir='ltr'><strong>evicta</strong></span> <span class='ocrx_word' id='word_1_281' title='bbox 1100 3802 1166 3859; x_wconf 84' lang='lat' dir='ltr'><strong>erut</strong></span> 
     </span>
     <span class='ocr_line' id='line_1_38' title="bbox 141 3880 1164 3976; baseline -0.003 -22"><span class='ocrx_word' id='word_1_282' title='bbox 141 3889 355 3972; x_wconf 90' lang='lat' dir='ltr'><strong>suadebatque</strong></span> <span class='ocrx_word' id='word_1_283' title='bbox 372 3913 412 3965; x_wconf 87' lang='lat' dir='ltr'><strong>ne</strong></span> <span class='ocrx_word' id='word_1_284' title='bbox 429 3913 645 3976; x_wconf 89' lang='lat' dir='ltr'><strong>percussorem</strong></span> <span class='ocrx_word' id='word_1_285' title='bbox 663 3889 868 3975; x_wconf 86' lang='lat' dir='ltr'><strong>opperiretur:</strong></span> <span class='ocrx_word' id='word_1_286' title='bbox 891 3889 1040 3953; x_wconf 89' lang='lat' dir='ltr'><strong>transisse</strong></span> <span class='ocrx_word' id='word_1_287' title='bbox 1058 3880 1164 3965; x_wconf 81' lang='lat' dir='ltr'><strong>vitam,</strong></span> 
     </span>
     <span class='ocr_line' id='line_1_39' title="bbox 140 3982 1167 4071; baseline 0.001 -25"><span class='ocrx_word' id='word_1_288' title='bbox 140 4005 243 4071; x_wconf 90' lang='lat' dir='ltr'><strong>neque</strong></span> <span class='ocrx_word' id='word_1_289' title='bbox 257 3984 342 4047; x_wconf 89' lang='lat' dir='ltr'><strong>aliud</strong></span> <span class='ocrx_word' id='word_1_290' title='bbox 355 4007 450 4068; x_wconf 91' lang='lat' dir='ltr'><strong>quam</strong></span> <span class='ocrx_word' id='word_1_291' title='bbox 465 3985 556 4050; x_wconf 87' lang='lat' dir='ltr'><strong>morti</strong></span> <span class='ocrx_word' id='word_1_292' title='bbox 569 3985 664 4049; x_wconf 90' lang='lat' dir='ltr'><strong>decus</strong></span> <span class='ocrx_word' id='word_1_293' title='bbox 679 3983 900 4068; x_wconf 88' lang='lat' dir='ltr'><strong>quaerendum.</strong></span> <span class='ocrx_word' id='word_1_294' title='bbox 924 3983 980 4048; x_wconf 91' lang='lat' dir='ltr'><strong>sed</strong></span> <span class='ocrx_word' id='word_1_295' title='bbox 994 3982 1097 4049; x_wconf 91' lang='lat' dir='ltr'><strong>animo</strong></span> <span class='ocrx_word' id='word_1_296' title='bbox 1110 4005 1167 4068; x_wconf 87' lang='lat' dir='ltr'><strong>per</strong></span> 
     </span>
     <span class='ocr_line' id='line_1_40' title="bbox 140 4070 1166 4164; baseline 0.001 -24"><span class='ocrx_word' id='word_1_297' title='bbox 140 4076 286 4142; x_wconf 88' lang='lat' dir='ltr'><strong>libidines</strong></span> <span class='ocrx_word' id='word_1_298' title='bbox 314 4088 457 4164; x_wconf 91' lang='lat' dir='ltr'><strong>corrupto</strong></span> <span class='ocrx_word' id='word_1_299' title='bbox 479 4078 556 4143; x_wconf 92' lang='lat' dir='ltr'><strong>nihil</strong></span> <span class='ocrx_word' id='word_1_300' title='bbox 577 4080 744 4164; x_wconf 88' lang='lat' dir='ltr'><strong>honestum</strong></span> <span class='ocrx_word' id='word_1_301' title='bbox 765 4070 877 4156; x_wconf 86' lang='lat' dir='ltr'><strong>inerat,</strong></span> <span class='ocrx_word' id='word_1_302' title='bbox 904 4077 1111 4162; x_wconf 87' lang='lat' dir='ltr'><strong>lacrimaeque</strong></span> <span class='ocrx_word' id='word_1_303' title='bbox 1135 4086 1166 4142; x_wconf 88' lang='lat' dir='ltr'><strong>et</strong></span> 
     </span>
     <span class='ocr_line' id='line_1_41' title="bbox 141 4171 1166 4258; baseline 0.001 -23"><span class='ocrx_word' id='word_1_304' title='bbox 141 4180 271 4254; x_wconf 84' lang='lat' dir='ltr'><strong>questus</strong></span> <span class='ocrx_word' id='word_1_305' title='bbox 289 4171 366 4251; x_wconf 81' lang='lat' dir='ltr'><strong>irriti</strong></span> <span class='ocrx_word' id='word_1_306' title='bbox 388 4173 592 4255; x_wconf 79' lang='lat' dir='ltr'><strong>ducebantur,</strong></span> <span class='ocrx_word' id='word_1_307' title='bbox 616 4196 688 4238; x_wconf 91' lang='lat' dir='ltr'><strong>cum</strong></span> <span class='ocrx_word' id='word_1_308' title='bbox 710 4173 828 4258; x_wconf 87' lang='lat' dir='ltr'><strong>impetu</strong></span> <span class='ocrx_word' id='word_1_309' title='bbox 850 4173 1039 4248; x_wconf 87' lang='lat' dir='ltr'><strong>venientium</strong></span> <span class='ocrx_word' id='word_1_310' title='bbox 1056 4173 1166 4257; x_wconf 88' lang='lat' dir='ltr'><strong>pulsae</strong></span> 
     </span>
    </p>
   </div>
   <div class='ocr_carea' id='block_1_3' title="bbox 0 0 1389 4874">
    <p class='ocr_par' dir='ltr' id='par_1_5' title="bbox 0 0 1389 4874">
     <span class='ocr_line' id='line_1_42' title="bbox 0 0 1389 4874; baseline 0 0"><span class='ocrx_word' id='word_1_311' title='bbox 0 0 1389 4874; x_wconf 95' lang='lat' dir='ltr'><strong> </strong></span> 
     </span>
    </p>
   </div>
  </div>
 </body>
</html>
