2760 4874
382 369 588 427 ANNALIUM
606 370 680 425 LIB.
692 371 755 426 XV.
774 372 890 426 tto-63.
1084 363 1143 425 3ll

129 475 149 510 p.
160 461 200 502 cn.
210 462 241 501 cs.

128 551 278 613 responsa
299 537 442 592 nosceret
463 527 637 610 percontari
661 524 814 591 Senecam
837 527 969 591 iubetur.
998 531 1038 605 is,
1067 531 1146 595 forte

128 647 168 687 an
185 621 331 707 prudens,
350 621 391 685 ad
409 642 482 683 eum
499 621 583 683 diem
600 641 639 684 ex
655 618 829 704 Campania
846 632 1038 685 remeaverat
1055 645 1147 705 quar-

130 727 257 798 tumque
275 714 359 799 apud
371 713 507 798 lapidem
522 712 700 781 suburbano
713 736 783 777 rure
798 713 991 792 substiterat3
1009 715 1063 779 illo
1077 739 1148 801 pro-

129 810 245 894 pinqua
267 830 400 892 vespera
421 806 563 871 tribunus
590 806 675 870 venit
702 817 732 870 et
758 806 864 871 villam
886 807 989 893 globis
1016 808 1148 872 militum

128 903 237 986 sepsit,
287 912 353 965 tum
374 901 436 986 ipsi
457 924 528 966 cum
546 901 699 986 Pompeia
720 901 854 966 Paulina
876 926 972 968 uxore
990 915 1021 968 et
1039 905 1147 968 amicis
1227 958 1229 963 .

128 996 250 1061 duobus
269 996 406 1104 epulanti
383 996 595 1060 t'mandata
586 1004 718 1080 imperat
719 996 780 1059 oris
799 996 904 1060 edidit.

193 1088 314 1155 Seneca
336 1089 467 1153 missum
485 1089 526 1153 ad
541 1111 574 1152 se
583 1087 727 1153 Natalem
741 1099 1008 1173 conquestumque
1022 1090 1147 1157 nomine
1166 1109 1196 1156 cl

127 1181 252 1247 Pisonis
271 1183 356 1266 q'uod
377 1206 396 1246 a
413 1183 543 1246 visendo
566 1204 603 1246 eo
625 1182 855 1266 prohiberetur,
883 1206 978 1266 seque
995 1186 1147 1248 rationem

127 1276 305 1340 valitudinis
328 1285 359 1340 et
380 1297 517 1340 amorem
540 1276 652 1358 quietis
675 1277 876 1341 excusavisse
897 1278 1070 1362 respondit3
1093 1300 1148 1341 cur

128 1370 259 1433 salutem
277 1370 390 1455 privati
407 1370 541 1435 hominis
559 1369 763 1434 incolumitati
782 1390 857 1434 suae
875 1371 1051 1448 anteferret,
1075 1394 1148 1436 cau-

129 1486 196 1526 sam
214 1486 277 1527 non
295 1463 456 1540 habuisse,
480 1486 538 1527 nec
556 1462 616 1528 sibi
633 1477 813 1548 promptum
835 1465 867 1527 in
890 1464 1083 1529 adulationes
1101 1466 1148 1529 in-

127 1557 263 1642 genium,
281 1557 375 1641 idque
392 1557 469 1620 nulli
487 1558 588 1642 magis
606 1580 738 1643 gnarum
756 1579 850 1640 quam
863 1558 989 1635 Neroni,
1008 1559 1062 1640 qui
1080 1581 1148 1626 sae.-

126 1652 197 1734 pius
219 1651 393 1734 libertatem
418 1649 557 1716 Senecae
582 1674 677 1735 quam
705 1653 864 1715 servitium
887 1662 1031 1736 expertus
1054 1663 1145 1717 esset.

127 1745 181 1809 ubi
199 1746 275 1810 haec
289 1769 308 1809 a
326 1745 449 1810 tribuno
463 1745 559 1811 relata
573 1755 645 1810 sunt
653 1745 803 1830 Poppaea
816 1756 847 1810 et
857 1745 1013 1832 Tigellino
1028 1769 1145 1824 coram,

127 1841 286 1921 quoderat
300 1840 450 1903 saevienti
463 1841 594 1924 principi
608 1841 749 1903 intimum
761 1840 969 1917 consiliorum,
979 1841 1147 1926 interrogat

128 1956 168 1995 an
179 1930 300 1996 Seneca
308 1933 515 1999 voluntariam
529 1944 660 2017 mortem
673 1943 804 2017 pararet.
824 1943 890 1996 tum
904 1933 1046 1998 tribunus
1060 1934 1147 1998 nulla

127 2025 250 2109 pavoris
270 2025 368 2110 signa,
388 2026 465 2088 nihil
481 2026 568 2090 triste
586 2027 618 2089 in
635 2026 739 2090 verbis
754 2027 821 2090 eius
838 2035 893 2090 aut
910 2026 999 2089 vultu
1016 2028 1150 2111 depren-

128 2141 197 2183 sum
216 2118 417 2182 confirmavit.
437 2141 511 2204 ergo
528 2112 651 2204 regredi
669 2128 699 2183 et
717 2119 851 2183 indicere
865 2129 996 2183 mortem
1013 2119 1145 2184 iubetur.

128 2213 219 2276 tradit
227 2212 345 2277 Fabius
355 2213 504 2277 Rusticus
522 2236 585 2277 non
603 2235 640 2278 eo
657 2236 721 2296 quo
738 2223 864 2277 venerat
881 2214 989 2277 itinere
1002 2215 1145 2292 reditum,

129 2307 184 2370 sed
201 2306 325 2370 flexisse
344 2308 384 2370 ad
396 2306 549 2370 Faenium
566 2307 767 2391 praefectum,
787 2316 819 2371 et
836 2307 985 2391 expositis
1001 2306 1146 2373 Caesaris

128 2400 221 2464 iussis
239 2425 280 2464 an
298 2400 526 2484 obtemperaret
543 2400 796 2486 interrogavisse‚
819 2401 1034 2485 monitumque
1051 2401 1091 2466 ab
1110 2425 1147 2465 eo

128 2505 162 2558 ut
180 2505 397 2576 exequeretur,
424 2494 512 2558 fatali
530 2494 668 2557 omnium
685 2494 825 2579 ignavia3
853 2517 925 2558 nam
948 2504 979 2558 et
998 2494 1146 2560 Silvanus

128 2589 207 2651 inter
225 2588 400 2672 coniuratos
419 2586 699 2672 erat-augebatque
718 2586 835 2657 scelera
849 2587 889 2650 ain
906 2608 1038 2669 quorum
1057 2588 1148 2652 ultio-

128 2703 200 2746 nem
218 2690 430 2758 consenseram
448 2681 518 2746 voci
536 2692 640 2745 tamen
658 2690 688 2745 et
705 2681 845 2765 aspectui
859 2681 998 2765 pepercit
1010 2681 1148 2747 intromi-

129 2775 155 2838 si
157 2785 229 2856 tque
247 2776 287 2839 ad
306 2774 458 2841 Senecam
478 2798 579 2838 unum
593 2797 632 2838 ex
650 2773 890 2852 centurionibus,
909 2774 963 2857 qui
980 2775 1148 2839 necessita-

128 2879 190 2932 tem
209 2869 348 2933 ultimam
366 2869 492 2933 denunt
471 2879 569 2933 ttrare

190 2962 311 3028 Illet
265 2988 297 3026 m
299 2965 384 3028 territ
385 2988 422 3029 us
440 2963 541 3049 poscit
558 2964 735 3028 testamenti
752 2962 889 3040 tabulas;
916 2985 954 3027 ac
971 2964 1146 3048 denegante
1166 2984 1197 3032 62
1238 3010 1241 3015 -

128 3057 305 3121 centurione
332 3079 501 3121 conversus
529 3057 570 3120 ad
591 3058 722 3133 amicos,
749 3057 874 3139 quando
900 3057 990 3120 merit
991 3057 1017 3120 is
1040 3079 1147 3120 eorum

128 3150 242 3212 referre
264 3150 396 3234 gratiam
421 3149 649 3233 prohiberetur,
674 3150 762 3232 ¹quod
787 3172 885 3212 unum
906 3149 969 3212 iam
992 3159 1148 3213 ettamen

128 3242 368 3326 pulcherrimum
387 3243 513 3318 habeat,
535 3242 704 3327 imaginem
722 3242 803 3304 vitae
822 3263 896 3304 suae
913 3240 1085 3324 relinquere
1104 3252 1148 3305 te-

129 3345 240 3412 statur,
260 3335 347 3398 cuius
367 3336 393 3398 si
411 3357 564 3399 memores
583 3344 702 3412 essent,
721 3334 873 3399 bonarum
890 3334 1003 3410 artium
1021 3334 1147 3410 famam,

129 3440 194 3491 tum
220 3428 390 3493 constantis
416 3428 569 3493 amicitiae
594 3428 721 3493 laturos.
750 3427 845 3498 ,simul
871 3428 1014 3491 lacrimas
1042 3449 1147 3490 eorum

129 3524 221 3588 modo
241 3545 394 3600 sermone,
414 3524 507 3588 modo
530 3524 675 3588 intentior
696 3524 736 3606 in¹
750 3523 878 3586 modum
896 3523 1080 3599 coercentis,
1108 3523 1149 3586 ad

129 3617 349 3681 firmitudinem
374 3626 512 3695 revocat,
539 3617 679 3703 rogitans
705 3616 759 3681 ubi
780 3626 946 3700 praecepta
968 3616 1146 3701 sapientiae,

129 3711 183 3774 ubi
197 3720 241 3774 tot
254 3733 309 3795 per
322 3733 421 3774 annos
435 3711 583 3774 meditata
595 3711 673 3774 ratio
687 3710 853 3774 adversum
870 3709 1081 3787 imminentia?
1098 3709 1148 3772 eui

130 3804 212 3867 enim
233 3804 374 3890 ignaram
395 3805 494 3869 fuisse
516 3804 677 3870 saevitiam
689 3796 846 3867 Neronis?
871 3825 972 3885 neque
994 3802 1078 3866 aliud
1097 3825 1149 3866 su·
1213 3805 1221 3818 ’

129 3919 254 3980 peresse
267 3910 340 3984 post
357 3908 487 3963 matrem
504 3898 694 3980 fratremque
711 3897 890 3961 interfectos
908 3919 1002 3980 quam
1021 3907 1056 3959 ut
1073 3897 1149 3967 edu-

131 3990 242 4054 catoris
261 3993 530 4076 praeceptorisque
548 4013 657 4056 necem
675 3991 820 4055 adiceret.

194 4083 259 4149 Ubi
277 4084 354 4149 hacc
372 4095 464 4169 atquc
482 4086 556 4150 talia
569 4086 654 4150 velut
667 4084 699 4148 in
712 4105 875 4162 commune
890 4083 1044 4160 disseruit,
1063 4107 1147 4148 com·
1166 4099 1197 4150 63

1277 552 1362 743 d
