2760 4874
223 384 285 449 194
574 386 758 446 conssul
771 360 902 445 ruerus

1144 481 1246 520 ansol.

220 552 305 618 uilril-
319 551 481 626 reticente,
508 546 625 612 nedum
647 544 808 611 consulem
833 544 1039 632 designatum
1061 566 1139 611 eum
1161 567 1250 612 rrxore

219 645 383 739 principis,
406 642 565 729 praedicta
586 640 652 717 die,
675 638 823 705 adhibitis
845 639 900 723 qui
922 638 1149 726 obsignarent,
1171 640 1251 705 velut

220 737 490 825 suscipiendorum
511 733 679 800 liberorum
701 754 798 799 causa
819 733 1024 812 convenisse,
1051 743 1151 817 atque
1171 734 1251 798 illam

221 830 377 921 [audisse]
397 830 559 914 auspicum
574 827 671 893 rerba
688 827 827 906 subisse,
845 826 1046 894 sacrifieasse
1062 829 1154 913 apud
1170 829 1251 904 deos,

219 927 410 993 discubitum
418 925 498 990 inter
507 923 665 999 convivas,
680 921 799 999 oscula,
811 921 1009 1008 complexus,
1023 932 1157 987 noctem
1168 923 1251 987 deni-

218 1044 280 1107 que
290 1030 392 1086 actam
404 1016 529 1082 lieentia
541 1016 713 1102 coniugali:
729 1015 870 1081 sednibil
882 1015 1101 1103 compositum
1114 1017 1252 1082 miraculi

220 1138 325 1191 causa,
346 1135 456 1178 verum
474 1110 581 1176 audita
598 1110 776 1195 scriptaque
793 1108 970 1176 senioribus
987 1110 1129 1176 umam.

168 1232 201 1279 aa
283 1209 386 1295 Igitur
408 1207 520 1271 domus
543 1204 692 1289 principis
714 1203 923 1282 inhorruerat3
945 1204 1156 1289 maximeque
1178 1227 1252 1289 quos

218 1327 315 1392 penes
338 1301 477 1388 potentia
498 1309 542 1376 et,
565 1298 594 1364 si
616 1322 666 1363 res
688 1307 895 1376 verterentur,
922 1297 1077 1375 formido,
1107 1322 1175 1363 non
1195 1301 1253 1364 iam

219 1399 346 1464 secretis
364 1393 540 1478 colloquiis,
565 1393 621 1458 scd
639 1403 745 1478 aperte
767 1393 914 1471 fremere,
937 1392 1016 1457 dum
1034 1392 1153 1458 histrio
1171 1394 1253 1459 cubi-

218 1494 323 1558 culum
341 1490 489 1576 priucipis
507 1488 715 1564 escenderent,
734 1488 870 1552 dedecus
888 1487 1020 1571 quidem
1038 1488 1182 1566 illalum,
1202 1488 1252 1552 sed

218 1586 391 1650 exscidirun
404 1582 512 1668 procul
525 1581 657 1646 afuisse:
675 1602 759 1645 nuno
776 1580 922 1645 iuvenem
938 1579 1082 1647 nobilem
1101 1582 1252 1667 dignitate

217 1682 346 1753 lbrrnae,
361 1678 391 1740 ri
405 1676 518 1739 ruentis
528 1697 565 1740 ue
578 1674 753 1760 propinquo
766 1672 930 1739 consulatu
938 1674 1095 1739 maiorem
1109 1676 1155 1739 ad
1168 1697 1252 1760 spem

217 1771 356 1855 adcingi3
380 1792 437 1833 nce
456 1769 539 1832 enim
557 1768 728 1844 occultum,
751 1768 828 1851 quid
843 1777 917 1853 post
934 1767 998 1832 tale
1013 1768 1252 1833 matrimonium

218 1874 405 1950 superesset.
429 1861 554 1927 subibat
573 1863 640 1926 sine
657 1860 754 1926 dubio
775 1871 878 1927 metus
894 1870 1082 1946 reputantes
1106 1863 1251 1928 hebetem

218 1958 387 2025 Claudium
400 1968 431 2022 ct
442 1957 530 2021 uxori
544 1957 734 2034 devinctum,
747 1956 925 2040 multasque
933 1967 1054 2023 mortes
1063 1957 1158 2023 iussu
1167 1957 1251 2022 Mes·

218 2053 335 2119 salinae
352 2062 503 2137 patratas:
520 2072 629 2123 rursus
647 2049 716 2134 ipsa
733 2050 866 2115 facilitas
883 2050 1085 2136 imperatoris
1102 2052 1250 2116 fiduciam

217 2147 330 2224 dabat,
345 2147 373 2211 si
390 2145 549 2211 atrocitate
568 2144 704 2208 criminis
722 2144 983 2229 praevaluissent,
997 2166 1098 2230 posse
1116 2145 1249 2231 opprimi

217 2244 395 2307 ‹larnnotam
409 2250 584 2322 antequam
594 2260 693 2315 ream;
708 2239 765 2303 sed
778 2238 811 2303 in
823 2260 862 2303 eo
870 2238 1041 2303 discrimen
1048 2240 1143 2317 verti,
1158 2240 1187 2304 si
1198 2240 1249 2304 de-

216 2337 318 2401 fensio
332 2335 498 2410 audiretur,
514 2342 609 2415 ntque
623 2331 748 2397 clausae
759 2354 850 2397 aures
859 2333 954 2398 etiam
963 2332 1129 2398 confitenti
1138 2333 1246 2399 forent

166 2452 198 2500 aa
280 2430 331 2494 Ae
349 2428 449 2514 primo
464 2425 624 2503 Callistus,
642 2426 706 2490 iam
723 2427 800 2491 mihi
817 2427 900 2491 cirea
916 2448 1028 2492 necem
1049 2427 1085 2494 G.
1101 2426 1247 2493 Caesaris

217 2535 368 2601 namatus,
388 2535 419 2587 et
431 2522 597 2607 Appianae
612 2521 716 2585 caedis
735 2522 859 2586 molitor
870 2521 1050 2599 Narcissus,
1070 2523 1248 2610 flagrantis-

217 2620 356 2702 simaque
376 2640 412 2682 eo
429 2618 463 2681 in
481 2627 619 2700 tempore
637 2616 738 2701 gratia
754 2615 861 2681 Pallas
879 2616 1049 2702 agitavere,
1069 2640 1149 2681 num
1163 2617 1248 2682 Mes-

217 2712 348 2775 salinam
368 2711 494 2775 seeretis
512 2709 604 2773 minis
623 2710 813 2793 depellerent
830 2732 936 2776 amore
955 2708 1035 2788 Silii,
1055 2722 1174 2776 cuneta
1191 2712 1248 2776 alia

216 2804 458 2868 dissimulantes.
482 2804 555 2867 dein
572 2814 666 2882 metu,
685 2826 725 2868 ne
743 2805 783 2868 ad
799 2805 970 2889 perniciem
985 2805 1070 2870 ultro
1088 2807 1248 2871 traheren-

216 2907 278 2974 tur,
302 2896 457 2960 desistunt
474 2896 580 2962 Pallas
598 2919 655 2983 per
671 2898 843 2983 ignaviam,
867 2897 1018 2963 Callistus
1036 2899 1154 2982 prioris
1172 2923 1248 2984 quo-

216 3013 277 3074 que
294 2990 399 3076 regiae
416 2990 544 3076 peritus,
564 3001 595 3056 et
612 2992 782 3076 potentiam
794 2992 894 3057 cautis
912 3015 1007 3076 quam
1025 2992 1157 3058 aeribus
1175 3017 1247 3058 con-

217 3085 293 3150 siliis
312 3085 408 3150 tutius
425 3084 547 3149 haberi:
566 3086 699 3170 perstitit
711 3085 888 3163 Narcissus,
908 3095 943 3150 ut
960 3085 1062 3150 solum
1089 3085 1124 3150 id
1146 3087 1248 3173 impu-

216 3189 300 3258 tans,
328 3202 367 3244 ne
390 3202 452 3263 quo
475 3201 617 3243 sermone
643 3180 816 3264 praesciam
839 3179 975 3250 criminis
998 3189 1031 3243 et
1052 3183 1246 3247 accusatoris

216 3275 367 3339 facerent:
385 3275 453 3359 ipse
467 3274 507 3338 ad
518 3264 697 3338 occasiones
719 3274 873 3352 intentus,
895 3274 991 3360 longa
1012 3274 1101 3359 apud
1120 3273 1247 3341 Ostiam

217 3367 363 3434 Caesaris
385 3391 473 3432 mora
489 3369 568 3431 duas
586 3368 735 3452 paelices,
758 3390 892 3451 quarum
913 3369 940 3433 is
963 3368 1087 3452 corpori
1109 3371 1246 3435 maxime

215 3462 402 3539 insueverat,
417 3462 579 3547 largitione
588 3484 626 3526 ao
638 3462 801 3547 promissis
816 3471 847 3526 et
860 3484 957 3526 uxore
966 3461 1091 3527 deiecta
1103 3464 1177 3549 plus
1192 3487 1247 3550 po

216 3558 330 3621 tentiae
349 3557 534 3622 ostentando
551 3556 686 3642 perpulit
703 3557 891 3621 delationem
909 3556 1023 3622 subire.

166 3669 198 3717 30
280 3651 376 3715 Exim
392 3650 654 3736 Calpurnia-id
671 3651 781 3736 paelici
800 3673 915 3715 nomen
923 3689 974 3727 -,
992 3649 1049 3715 ubi
1066 3651 1179 3715 datum
1199 3674 1246 3716 se-

216 3756 349 3822 cretum,
373 3745 506 3831 genibus
527 3743 672 3809 Caesaris
691 3744 855 3829 provoluta
873 3744 1018 3829 nupsisse
1035 3742 1245 3810 Messalinam

218 3836 296 3903 Silio
318 3840 484 3916 exclamat3
512 3838 604 3902 simul
628 3838 841 3922 Cleopatram,
869 3859 949 3921 quae
970 3838 1056 3901 idem
1078 3840 1244 3925 opperiens

216 3933 374 4009 adstabat,
398 3957 438 3996 an
461 3933 663 4018 comperisset
684 3933 869 4020 interrogem
895 3944 988 4017 atque
1010 3933 1065 3998 illa
1087 3946 1245 3999 annuente
1352 3994 1355 4007 ,

216 4025 290 4088 cieri
302 4026 484 4090 Narcissum
501 4028 647 4112 postulat.
670 4027 697 4092 is
716 4027 839 4092 veniam
856 4028 890 4092 in
906 4029 1109 4112 praeteritum
1121 4040 1242 4116 patena,

216 4120 300 4201 quod
319 4120 347 4182 ei
361 4120 405 4183 eis
419 4118 549 4198 Vettios,
569 4121 614 4186 cis
632 4120 772 4186 Plautios
784 4122 1062 4201 dissimulavisset,
1083 4146 1144 4190 nco
1161 4145 1244 4188 nune
