2760 4874
230 384 293 448 218
580 392 765 451 CORNELII
776 390 908 449 ructat

1159 488 1266 525 au080t.

230 564 260 619 et
278 577 319 619 an
332 552 533 617 ulcisceretur
545 549 713 615 consultatz
731 549 840 637 paucis
858 549 957 617 decus
972 550 1143 637 publicum
1160 575 1267 628 eume3

230 648 334 733 plures
345 657 412 711 tuta
421 647 591 711 disserunt:
605 666 697 709 omne
707 644 811 709 scelus
820 653 985 709 externum
993 668 1069 711 cum
1082 645 1205 711 laetitia
1213 646 1269 712 ha-

230 741 382 818 bendum,
398 740 517 804 semina
530 740 624 803 etiam
633 738 776 804 odiorum
785 736 937 815 iacienda,
951 748 987 803 ut
1000 762 1100 825 saepe
1109 740 1267 826 principes

231 835 366 899 Romani
379 835 510 899 eandem
519 832 702 897 Armeniam
717 830 821 917 specie
834 830 1010 919 largitionis
1019 833 1189 900 turbandis
1199 833 1268 899 bar-

231 928 377 992 barorum
399 928 511 992 animis
533 926 746 1012 praebuerint3
772 936 932 1012 poteretur
952 926 1164 994 Radamistus
1186 929 1268 993 male

231 1024 342 1107 partis,
369 1023 445 1086 dum
467 1022 602 1098 inrisus,
629 1020 771 1099 insumis,
797 1021 979 1105 quandoid
1004 1024 1113 1109 magis
1141 1047 1183 1088 ex
1208 1046 1269 1087 usu

231 1140 326 1199 (quam
340 1117 367 1181 si
380 1139 451 1180 eum
465 1116 565 1201 gloria
577 1115 709 1201 adeptus
722 1116 813 1181 foret.
831 1115 864 1180 in
876 1115 958 1181 hane
972 1117 1268 1194 sententiamitum3

231 1234 270 1275 ne
294 1222 398 1275 tamen
421 1211 569 1275 adnuisse
591 1210 722 1275 facinori
744 1211 924 1275 viderentur
944 1220 977 1276 et
998 1212 1130 1277 diversa
1149 1210 1269 1277 Caesar

231 1305 359 1381 iuberet,
379 1304 467 1368 missi
485 1304 525 1368 ad
538 1303 774 1369 Pharasmanen
787 1305 896 1382 nuntii,
915 1314 951 1369 ut
963 1304 1155 1371 abscederet
1167 1329 1187 1370 a
1200 1305 1268 1369 fini-

232 1398 291 1463 bus
310 1398 469 1462 Armeniis
487 1399 648 1481 filiumquo
666 1398 869 1464 abstraheret.

181 1516 213 1563 ⁴9
296 1494 376 1559 Erat
398 1493 618 1578 Cappadociae
640 1502 822 1578 procurator
843 1492 943 1557 Iulius
960 1490 1137 1580 Pelignus,
1161 1494 1268 1580 ignati

232 1589 327 1653 animi
345 1599 376 1651 et
394 1587 563 1651 deridiculo
581 1588 719 1673 corporis
738 1587 825 1651 iuxta
842 1586 1074 1672 despiciendus,
1097 1590 1158 1653 sed
1172 1588 1268 1654 Clau-

232 1684 283 1746 dio
303 1705 452 1766 perquam
471 1682 646 1759 familiaris,
670 1704 742 1746 cum
764 1682 904 1767 privatus
926 1681 1001 1745 olim
1024 1683 1268 1748 conversatione

232 1799 406 1841 scurrarum
424 1776 506 1839 iners
520 1776 618 1841 otium
635 1775 817 1841 oblectaret:
836 1776 863 1840 is
877 1774 1030 1861 Pelignus
1048 1777 1180 1842 auxiliis
1198 1800 1269 1862 pro-

231 1869 411 1934 vincialium
433 1870 599 1933 contractis
622 1879 781 1952 tamquam
804 1879 1043 1954 recuperaturus
1065 1869 1267 1948 Armeniam,

232 1965 307 2027 dum
326 1963 428 2027 socios
447 1964 548 2049 magis
571 1986 667 2046 qnam
684 1963 791 2028 hostes
809 1964 989 2049 praedatur,
1012 1963 1174 2031 abscessu
1196 1989 1269 2031 suo·

232 2081 302 2123 rum
324 2068 356 2122 et
376 2056 608 2121 incursantibus
635 2054 777 2123 barbaris
803 2057 950 2141 praesidii
973 2080 1072 2143 egens
1094 2060 1141 2123 ad
1162 2059 1269 2124 Rada·

233 2153 360 2216 mistum
378 2152 477 2229 renit3
500 2151 653 2234 donisque
670 2150 741 2217 eiu!
755 2152 875 2217 evictus
894 2151 974 2215 ultro
997 2152 1124 2238 regium
1142 2153 1267 2240 insigne

234 2270 356 2312 sumere
384 2246 574 2323 cohortatur,
604 2244 799 2329 sumentique
822 2246 911 2311 adest
936 2255 1046 2310 auctor
1068 2256 1101 2312 et
1130 2248 1266 2312 satelles.

233 2340 317 2422 quod
335 2338 388 2403 ubi
408 2340 489 2424 turpi
507 2338 593 2402 fama
611 2339 816 2424 divulgatum,
834 2361 873 2403 ne
892 2339 985 2404 ceteri
1003 2362 1134 2423 quoque
1152 2364 1194 2406 ex
1206 2340 1268 2405 Pe-

233 2435 319 2517 ligna
346 2433 603 2509 coniectarentur,
632 2432 800 2497 Helvidius
821 2433 950 2498 Priscus
977 2432 1103 2519 legatus
1128 2456 1204 2521 curn
1224 2434 1268 2498 lc-

233 2528 326 2611 giono
345 2527 488 2602 mittitur,
512 2526 605 2590 rebus
629 2526 759 2590 turbidis
782 2549 838 2611 pro
857 2537 995 2611 tempore
1013 2535 1048 2590 ut
1071 2528 1267 2606 consuleret3

233 2621 329 2703 igitur
345 2642 475 2703 propere
498 2628 634 2682 montem
653 2619 795 2683 Taurum
816 2630 1030 2705 transgressus
1049 2621 1268 2686 moderatione

232 2714 323 2798 plura
345 2736 439 2796 quam
457 2713 489 2776 ri
511 2723 742 2797 composuerat,
766 2737 838 2778 cum
860 2715 960 2778 redire
978 2715 1010 2777 in
1030 2712 1163 2798 Syriam
1181 2715 1268 2780 iube-

234 2817 297 2883 tur,
316 2829 356 2870 ne
374 2807 496 2869 initium
514 2806 587 2870 belli
606 2807 756 2871 adversus
774 2807 909 2872 Parthos
929 2807 1086 2871 existeret.

184 2917 216 2966 50
297 2900 379 2964 Nam
392 2900 567 2985 Vologeses
582 2922 691 2963 casum
704 2901 897 2966 invadendae
910 2901 1083 2965 Armeniae
1096 2900 1267 2966 obvenisse

234 3004 330 3069 ratus,
349 3015 444 3075 quam
463 3017 482 3057 a
499 2993 668 3057 maioribus
688 2994 752 3058 suis
770 3018 950 3079 possessam
968 3005 1118 3060 externus
1136 3018 1197 3060 rex
1214 2997 1268 3060 fla-

234 3088 311 3172 gitio
330 3086 496 3164 obtineret,
521 3088 675 3151 contrahit
692 3089 797 3172 copias
820 3088 1010 3171 fratremque
1029 3088 1198 3154 Tiridaten
1215 3091 1268 3154 de·

235 3182 348 3244 ducere
366 3181 398 3243 in
415 3203 548 3266 regnum
565 3190 667 3264 parat,
686 3203 725 3244 ne
744 3203 807 3263 qua
823 3205 896 3266 pars
915 3183 1026 3247 domus
1046 3183 1115 3247 sine
1133 3185 1267 3269 imperio

235 3284 351 3360 ageret.
378 3275 502 3339 incessu
520 3274 709 3339 Parthorum
728 3275 794 3338 sine
813 3276 879 3339 acie
901 3276 985 3361 pulsi
1002 3275 1132 3354 Hiberi,
1156 3279 1267 3342 nrbes-

234 3390 296 3450 que
318 3366 541 3432 Armeniorum
563 3367 718 3432 Artaxata
740 3379 771 3432 et
792 3368 1017 3454 Tigranocerta
1043 3370 1157 3455 iugum
1180 3393 1267 3436 acce-

235 3483 324 3546 pere;
351 3462 462 3525 deinde
485 3471 573 3525 atrox
595 3462 695 3526 hiems
720 3485 776 3526 seu
796 3485 908 3547 parum
929 3462 1048 3547 provisi
1070 3475 1266 3530 commeatus

236 3564 268 3618 et
289 3564 357 3619 orta
377 3577 418 3618 ex
443 3564 575 3638 utroque
602 3556 690 3620 tabes
716 3556 892 3641 perpellunt
913 3556 1097 3641 Vologesen
1124 3559 1267 3623 omittere

235 3648 426 3733 praesentia,
450 3671 644 3733 vacuamque
666 3673 774 3715 rursus
792 3649 978 3715 Armeniam
995 3651 1205 3718 Radamistus
1222 3654 1267 3716 in·

236 3740 326 3818 vasit,
345 3743 547 3807 truculentior
560 3767 654 3827 quam
668 3754 768 3821 antea,
788 3754 946 3828 tamquam
961 3745 1115 3810 adversus
1130 3747 1268 3813 defecto-

235 3857 285 3900 res
305 3845 335 3899 et
351 3836 384 3898 in
402 3845 540 3921 ternpore
557 3838 768 3903 rebellaturos.
792 3849 885 3923 atque
902 3839 956 3916 illi,
975 3840 1122 3921 quamvis
1142 3843 1267 3906 servitio

237 3930 331 4005 sueti,
354 3932 535 4014 patientiam
558 3932 748 4018 abrumpunt
770 3934 927 4016 armisque
949 3933 1070 4017 regiam
1093 3934 1267 4000 circumve·

236 4022 339 4099 niunt,
362 4045 420 4087 nec
438 4025 523 4089 aliud
540 4026 725 4092 Radamisto
748 4026 923 4094 subsidium
941 4028 1001 4091 fuit
1018 4049 1116 4110 quam
1133 4029 1268 4115 pernici·

237 4122 285 4179 tas
304 4137 470 4198 equorum,
489 4121 559 4202 quis
578 4143 674 4206 seque
692 4130 724 4187 et
740 4123 906 4208 coniugem
924 4121 1061 4187 abstulit
