2760 4874
343 401 549 472 Auumrun
567 387 642 455 maj
658 402 736 458 xlv.
755 403 874 456 30-33.
1054 387 1117 452 269

95 509 115 546 ρ.
127 495 166 534 cn.
177 495 209 533 ar.
287 528 289 530 .

95 587 151 627 nas
166 558 377 624 effundebant.
396 580 454 622 nec
467 559 599 623 arduum
612 557 775 622 videbatur
788 559 951 624 excindere
965 558 1118 623 coloniam

94 657 186 721 nullis
201 653 400 722 munimentis
414 663 549 737 septam3
563 653 647 734 quod
660 653 792 717 ducibus
806 654 920 717 nostris
929 677 1039 738 parum
1047 676 1118 737 pro-

94 752 197 815 visum
215 757 294 825 erat,
313 747 388 810 dum
406 747 585 810 amoenitati
602 747 687 830 prius
707 769 801 829 quam
818 747 890 810 usui
909 748 1087 811 consulitur.

158 844 245 906 Inter
266 862 346 924 quae
369 841 454 904 nulla
475 841 579 925 palam
601 862 696 904 causa
722 841 885 925 delapsum
909 840 1119 905 Camuloduni
1138 859 1169 905 32

95 937 295 1002 simulacrum
317 933 474 998 Victoriae
497 943 636 1001 aoretro
659 955 857 1011 conversum,
884 935 975 1017 quasi
997 934 1119 997 cederet

93 1029 252 1105 hostibus3
275 1038 306 1091 et
328 1027 462 1090 feminae
483 1026 517 1090 in
534 1027 671 1090 furorem
693 1026 834 1091 turbatae
857 1029 967 1092 adesse
990 1027 1119 1091 exitium

95 1121 262 1195 canebant3
278 1124 484 1202 externosque
494 1119 636 1184 fremitus
646 1121 678 1184 in
688 1121 773 1184 curia
783 1143 890 1185 eorum
900 1122 1031 1198 auditos,
1046 1143 1120 1184 con-

60 1224 67 1235 ‘
95 1216 239 1281 sonuisse
257 1213 426 1278 ululatibus
445 1214 599 1278 theatrum
617 1215 779 1308 visamque
793 1216 930 1299 speciem
946 1215 980 1279 in
997 1226 1120 1278 aestua·
1165 1210 1170 1215 ’

94 1310 142 1375 rio
168 1309 322 1372 Tamesae
349 1306 518 1371 subversae
544 1308 697 1386 coloniae3
727 1309 791 1372 iam
818 1307 966 1374 Oceanus
993 1311 1119 1372 cruento

95 1412 238 1488 aspectu,
258 1401 413 1466 dilabente
431 1410 521 1466 aestu
533 1402 741 1476 humanorum
755 1425 919 1487 corporum
937 1403 1058 1488 effigies
1072 1423 1120 1465 re-

95 1498 200 1573 lictae,
220 1505 259 1559 ut
271 1496 430 1559 Britannis
449 1497 489 1559 ad
508 1519 609 1580 spem,
632 1497 677 1560 ita
693 1497 848 1561 veteranis
866 1497 906 1560 ad
924 1506 1041 1560 metum
1060 1505 1120 1558 tra-

95 1590 257 1655 hebantur.
291 1590 346 1654 sed
368 1590 442 1672 quia
467 1589 574 1674 procul
600 1588 770 1654 Suetonius
788 1589 913 1667 aberat,
940 1590 1079 1674 petivere
1101 1614 1120 1652 a

97 1683 177 1748 Cato
187 1683 328 1747 Deciano
338 1693 534 1767 procuratore
544 1685 712 1748 auxiliuma
722 1684 774 1748 ille
783 1684 867 1748 haud
880 1685 1014 1769 amplius
1026 1706 1119 1767 quam

95 1779 246 1841 ducentos
266 1777 331 1841 sine
349 1777 439 1839 iustis
458 1778 551 1841 armis
569 1778 667 1859 misit3
686 1788 717 1842 et
730 1778 829 1842 inerat
846 1779 969 1842 modica
987 1778 1120 1841 militum
1186 1808 1188 1815 >

96 1867 227 1935 manus„
241 1870 337 1934 tutela
351 1870 457 1954 templi
471 1871 552 1947 freti,
571 1881 601 1935 et
614 1872 855 1956 impedientibus
870 1873 924 1955 qui
942 1872 1056 1937 occulti
1072 1895 1121 1936 re-

96 1964 240 2028 bellionis
260 1965 377 2028 conscii
394 1964 524 2029 consilia
537 1964 713 2042 turbabant,
732 1987 834 2048 neque
847 1967 966 2031 fossam
984 1976 1038 2030 aut
1055 1966 1120 2030 val-

20 2120 28 2140 ,
95 2058 163 2121 lum
179 2058 420 2142 praeduxerant,
443 2080 544 2140 neque
562 2059 654 2122 motis
677 2058 804 2141 senibus
823 2068 853 2123 et
869 2059 995 2123 seminis
1013 2058 1121 2122 iuven-

96 2162 148 2214 tus
166 2151 233 2216 sola
249 2152 374 2215 restitit:
393 2152 484 2234 quasi
496 2153 600 2215 media
616 2175 694 2238 pace
708 2153 823 2216 incauti
836 2153 1033 2216 multitudine
1051 2151 1121 2216 bar-

98 2246 242 2309 barorum
257 2246 549 2315 circumveniuntur.
569 2256 599 2310 et
613 2238 716 2310 cetera
729 2247 855 2329 quidem
869 2247 986 2333 impetu
1000 2246 1121 2330 direpta

97 2349 152 2403 aut
164 2339 293 2403 incensa
306 2349 392 2403 sunt:
411 2340 571 2424 templum,
590 2340 623 2403 in
636 2362 699 2424 quo
713 2362 747 2404 se
760 2340 852 2404 miles
869 2338 1118 2424 conglobaverat,

97 2433 193 2497 biduo
211 2431 375 2497 obsessum
398 2446 681 2519 expugnatumque.
710 2444 741 2498 et
758 2435 856 2499 vietor
873 2434 1042 2498 Britannus
1059 2433 1121 2497 Pe-

97 2527 163 2591 tilio
186 2526 314 2603 Ceriali,
338 2527 441 2612 legato
462 2528 594 2613 legionis
616 2549 730 2605 nonae,
754 2527 791 2592 in-
809 2527 983 2592 subsidium
1006 2527 1122 2593 adven-

97 2621 177 2685 tanti
193 2621 304 2686 obvius
327 2621 408 2684 fudit
429 2621 597 2707 legionem,
621 2631 652 2685 et
674 2622 758 2704 quod
775 2622 929 2706 peditum,
952 2620 1119 2697 interfecit:

98 2715 230 2780 Cerialis
249 2737 321 2778 cum
340 2714 495 2797 equitibus
513 2716 613 2781 evasit
629 2716 662 2779 in
680 2724 783 2780 castra
801 2725 832 2779 et
849 2714 1049 2780 munimentis
1068 2715 1121 2778 de-

97 2810 206 2875 fensus
229 2819 285 2874 est.
313 2832 375 2892 qua
398 2809 486 2874 clade
504 2819 535 2874 et
557 2810 635 2874 odiis
656 2810 849 2894 provinciae,
876 2831 970 2892 quam
993 2809 1122 2873 avaritia

44 2986 47 2990 ἡ
97 2907 129 2969 in
151 2905 267 2983 bellum
294 2913 413 2990 egerat,
442 2905 579 2990 trepidus
605 2915 786 2990 procurator
809 2904 908 2971 Catus
930 2905 963 2968 in
986 2901 1121 2969 Galliam

98 2994 277 3062 1111111111.”
635 3029 637 3034 ·

161 3090 207 3155 At
222 3091 392 3157 Suetonius
406 3093 485 3157 mira
502 3095 676 3157 constantia
689 3094 808 3157 medios
822 3093 902 3156 inter
915 3092 1021 3156 hostes
1035 3092 1122 3155 Lonu
1140 3111 1172 3157 aa

98 3184 217 3248 dinium
230 3186 374 3270 perrexit,
394 3196 601 3272 cognomento
615 3187 742 3269 quidem
756 3186 894 3250 coloniae
908 3207 971 3249 non
988 3184 1120 3268 insigne,

10 3290 13 3295 '
99 3279 155 3342 sed
173 3280 263 3363 copia
280 3281 507 3365 negotiatorum
530 3289 560 3344 et
578 3291 807 3346 commeatuum
829 3280 964 3343 maxime
986 3275 1121 3354 celebre3

97 3372 142 3435 ibi
159 3372 325 3458 ambiguus
344 3398 383 3438 an
401 3375 485 3438 illam
500 3375 606 3446 sedem
620 3373 701 3438 bello
720 3374 878 3459 deligeret,
898 3373 1123 3456 circumspecta

97 3464 305 3547 infrequentia
321 3467 438 3544 militis,
458 3468 596 3552 satisque
613 3469 736 3553 magnis
755 3467 949 3531 documentis
968 3466 1123 3529 temerita-

98 3568 162 3621 tem
187 3558 292 3622 Petilii
318 3562 497 3638 coercitam,
524 3564 616 3626 unius
643 3563 749 3647 oppidi
771 3562 885 3625 damno
909 3582 1032 3625 servare
1055 3561 1123 3623 uni-

97 3674 189 3717 versa
207 3654 328 3731 statuit,
351 3677 452 3738 neque
471 3657 546 3720 fletu
564 3667 594 3721 et
611 3656 746 3721 lacrimis
770 3656 920 3720 auxilium
943 3655 1009 3718 eius
1033 3676 1123 3717 oran-

97 3745 176 3808 tium
197 3746 297 3811 flexus
321 3758 382 3824 est,
406 3749 480 3831 quin
503 3751 591 3814 daret
612 3750 812 3834 profectionis
836 3750 960 3834 signum
979 3757 1010 3811 et
1027 3748 1123 3811 comi-

97 3849 199 3904 tantes
216 3842 250 3904 in
266 3851 387 3926 partem
405 3845 539 3929 agminis
557 3846 725 3928 acciperet3
744 3845 867 3927 siquos
886 3842 1008 3907 inbellis
1028 3864 1121 3906 senus

97 3942 152 3997 aut
169 3933 255 4000 fessa
271 3947 364 4002 aetas
388 3938 438 4001 vel
459 3938 521 4001 loci
543 3938 676 4002 dulcedo
699 3939 878 4013 attinuerat,
901 3935 941 4000 ab
959 3936 1049 4020 hoste
1067 3957 1122 4019 op·

96 4027 199 4110 pressi
217 4038 298 4092 sunt.
322 4031 432 4094 eadem
450 4030 553 4096 clades
572 4031 740 4115 municipio
758 4030 939 4097 Verulamio
956 4028 1029 4105 fuit,
1049 4029 1122 4111 quia

96 4118 222 4186 barbari
249 4123 374 4187 omissis
401 4124 535 4215 castellis
561 4125 787 4211 praesidiisque
813 4123 1006 4201 militarium,
1038 4123 1122 4207 quod
