2760 4874
403 364 610 440 Auamma
628 365 701 420 nus.
719 366 768 423 1v.
787 367 908 422 ra-aa
1103 357 1164 422 139
1212 432 1214 441 ,

141 472 162 510 p.
174 458 214 499 Ch.
225 458 258 498 26,

139 525 308 613 ignobiles,
336 524 479 607 quamvis
506 523 621 587 diversi
647 524 822 601 sententiis,
854 546 1007 590 verume
1033 527 1164 592 ducibus

139 619 249 696 Dinis,
268 626 434 704 provectus
454 626 628 682 senectaet
644 616 739 701 longo
756 639 817 681 usu
835 617 899 682 vim
916 628 1010 703 atque
1031 620 1165 685 clemen-

140 715 216 779 tiam
232 712 409 777 Romanam
427 711 569 788 edoctus,
588 711 732 795 ponenda
749 732 849 788 arma,
868 724 965 777 unum
982 714 1114 779 adflictis
1132 715 1166 778 id

139 806 313 885 remedium
326 804 508 881 disserebat,
526 805 708 888 primusque
722 826 756 869 se
775 824 847 869 curn
861 807 993 892 coniuge
1011 816 1042 873 et
1059 806 1165 873 liberis

139 900 249 966 victori
266 899 421 984 permisit3
446 898 545 963 secuti
562 906 663 963 aetate
682 907 736 962 aut
754 921 832 963 sexu
848 899 985 965 inbecilli
1003 909 1035 965 et
1050 902 1165 986 quibus

139 995 238 1059 maior
250 994 333 1058 vitae
346 1015 441 1076 quarn
454 992 572 1078 gloriae
590 992 713 1077 cupido.
736 1002 768 1057 at
780 993 926 1059 iuventus
940 994 1074 1060 Tarsam
1086 995 1166 1061 inter

140 1098 176 1154 et
188 1087 335 1153 Turesim
356 1085 599 1152 distrahebatur:
622 1086 747 1169 utrique
768 1086 958 1153 destinatum
980 1111 1053 1154 cum
1073 1089 1166 1155 liber-

140 1192 203 1248 tate
220 1183 372 1260 occidere,
392 1181 449 1247 sed
462 1181 563 1245 Tarsa
575 1201 743 1266 properum
755 1200 814 1267 per
827 1181 920 1246 finem
934 1182 1164 1269 abrumpendas

138 1277 344 1362 pariterspes
362 1296 400 1340 ao
416 1283 519 1339 metus
537 1274 704 1340 clamitans
723 1275 809 1340 dedit
831 1276 1010 1362 exemplum
1027 1277 1165 1342 demisso

139 1371 174 1434 in
189 1378 299 1456 pectus
318 1369 415 1447 ferr03
437 1390 497 1433 nec
514 1367 642 1432 defuere
660 1369 714 1452 qui
731 1369 842 1434 eodem
859 1371 953 1435 modo
972 1379 1164 1456 oppeterent.

141 1464 271 1529 Turesis
286 1486 344 1529 sua
357 1485 430 1528 oum
442 1484 538 1527 manu
550 1470 674 1526 noctem
686 1463 854 1548 opperitur,
868 1463 954 1528 haud
966 1465 1072 1529 nescio
1086 1465 1166 1529 duce

139 1567 260 1636 nostro3
278 1557 373 1644 igitur
390 1556 530 1622 limatae
549 1555 697 1629 stationes
716 1555 913 1622 densioribus
930 1557 1048 1644 globis3
1071 1567 1102 1622 et
1118 1558 1166 1622 in·

139 1651 278 1739 gruebat
285 1674 349 1718 nox
361 1650 468 1716 nimbo
482 1660 581 1728 ahox,
596 1649 758 1734 hostisque
771 1651 906 1718 clamore
918 1652 1052 1731 turbido,
1070 1654 1165 1718 modo
1277 1696 1279 1703 ·

88 1743 90 1747 ’
138 1755 337 1832 pervastum
355 1745 527 1822 silentium,
550 1745 684 1827 incertos
706 1745 889 1811 obsessores
912 1747 1071 1826 effecerat,
1092 1769 1166 1813 cum

141 1839 280 1906 Sabinus
299 1840 476 1916 circumire,
499 1839 615 1903 hortari
632 1861 674 1904 nc
690 1839 731 1906 ad
744 1839 896 1925 ambigua
914 1841 1034 1906 sonitus
1045 1850 1106 1906 aut
1124 1842 1166 1906 si-

139 1923 342 2006 mulationem
359 1933 473 2017 quietis
492 1955 602 1998 casum
617 1932 837 1998 insidiantibus
850 1934 1015 2018 aperirent,
1034 1934 1091 2001 sed
1108 1957 1166 2000 sua

138 2029 272 2113 quisque
297 2026 405 2093 munia
431 2018 591 2093 seruarent
612 2027 733 2097 immoti
755 2027 887 2111 telisque
908 2038 973 2094 non
993 2029 1027 2093 in
1048 2029 1164 2094 falsum

137 2123 238 2188 iactis.
260 2123 379 2188 interea
395 2122 520 2189 barbari
533 2122 665 2187 catervis
684 2122 883 2189 decurrentes
896 2144 980 2188 nunc
996 2124 1029 2187 in
1046 2123 1164 2190 vallum
1183 2144 1212 2190 51

139 2218 298 2285 manualia
310 2241 397 2296 saxa,
414 2227 578 2304 praeustas
595 2218 699 2293 sudes,
714 2217 820 2282 decisa
831 2217 945 2282 robora
956 2218 1068 2295 iacere,
1081 2239 1166 2282 nunc

138 2312 282 2398 virgultis
301 2321 333 2377 et
349 2312 486 2378 cratibus
504 2320 535 2376 et
553 2311 734 2396 corporibus
753 2310 904 2376 exanimis
923 2311 1078 2397 'complere
1096 2310 1166 2376 sos·

139 2429 206 2486 sas3
233 2407 361 2490 quidam
382 2407 486 2493 pontis
510 2415 541 2470 et
564 2406 665 2471 scalas
691 2414 764 2471 ante
790 2404 934 2471 fabricati
958 2406 1072 2472 inferre
1093 2427 1166 2492 pro-

136 2501 323 2589 pugnaculis
347 2524 445 2585 eaque
471 2522 633 2586 prensare,
661 2499 822 2564 detrahere
846 2509 876 2564 et
898 2500 1065 2565 adversum
1089 2500 1166 2564 resi·

138 2595 249 2660 stentis
266 2595 441 2660 comminus
459 2595 530 2672 niti3
549 2594 639 2658 miles
654 2603 762 2661 contra
775 2593 940 2659 deturbare
953 2594 1032 2671 telis,
1050 2593 1165 2679 pellere

136 2688 342 2767 umbonibus,
369 2689 506 2754 muralia
522 2689 599 2774 pila,
628 2697 794 2773 congestas
816 2688 955 2774 lapidum
972 2689 1071 2755 moles
1093 2711 1165 2774 pro-

137 2783 272 2848 volvere.
295 2784 345 2848 his
363 2782 632 2868 partae'victoriae
651 2805 723 2868 spes
742 2791 782 2860 et,
802 2783 829 2847 si
847 2783 967 2861 cedant,
985 2783 1165 2869 insignitius

137 2876 304 2962 flagitium,
328 2877 389 2942 illis
408 2887 548 2941 extrema
564 2876 628 2940 iam
647 2876 731 2942 salus
744 2886 782 2941 »et
800 2878 986 2943 adsistentes
1008 2877 1164 2963 plerisque

137 2979 252 3035 matres
271 2979 302 3035 et
319 2971 469 3056 coniuges
483 2992 652 3054 earumque
664 2970 801 3035 lamenta
814 2971 932 3036 addunt
949 2971 1085 3050 animos;
1102 2993 1166 3036 nox

138 3063 207 3128 aliis
229 3064 263 3128 in
284 3064 462 3142 audaciam,
489 3064 557 3129 aliis
581 3065 621 3128 ad
643 3064 842 3129 formidinem
864 3072 1030 3155 oportuna3
1056 3065 1166 3130 incerti

137 3157 232 3235 ictus,
255 3157 385 3245 vulnera
395 3159 574 3244 ⁴inprovisa3
598 3179 726 3223 suorum
748 3168 841 3240 atque
858 3159 996 3223 hostium
1012 3153 1165 3244 ignoratio

138 3259 170 3315 et
191 3252 306 3317 montis
329 3252 471 3317 anfractu
492 3267 695 3337 repercussae
716 3251 802 3316 velut
825 3275 844 3315 a
861 3260 949 3341 tergo
970 3269 1064 3316 voces
1087 3252 1165 3315 adeo

138 3355 251 3429 cuncta
267 3347 457 3412 miscuerant
478 3357 514 3410 ut
531 3347 686 3430 quaedam
707 3343 901 3410 munimenta
917 3345 1053 3409 Romani
1066 3344 1165 3428 ‘quasi

137 3449 285 3525 perrupta
299 3442 467 3506 omiserint.
491 3462 591 3524 neque
610 3450 714 3504 tamen
726 3461 891 3524 pervasere
908 3438 1014 3503 hostes
1032 3437 1093 3502 nisi
1111 3439 1166 3502 ad-

138 3530 266 3598 modum
283 3536 390 3620 pauci:
413 3545 547 3613 ceteros,
570 3534 691 3599 deiecto
713 3533 945 3619 promptissimo
969 3553 1093 3615 quoque
1111 3542 1165 3596 aut

138 3628 259 3707 saucio,
277 3629 442 3714 adpetente
459 3631 523 3694 iam
539 3629 609 3695 luce
626 3638 746 3694 trusere
763 3629 797 3692 in
814 3650 937 3693 summa
954 3625 1086 3703 castelli,
1110 3625 1165 3690 ubi

138 3721 265 3787 tandem
287 3733 396 3789 coacta
418 3724 534 3789 deditio
540 3748 549 3802 3
576 3732 607 3788 et
627 3723 770 3809 proxima
792 3730 903 3808 sponte
923 3719 1096 3784 incolarum
1116 3741 1165 3784 re·

138 3825 242 3900 cepta:
269 3817 412 3902 reliquis,
441 3841 503 3902 qno
529 3818 632 3882 minus
654 3817 687 3882 vi
708 3825 766 3881 aut
788 3815 910 3880 obsidio
937 3813 1163 3900 subigerentur,

137 3920 335 3995 praematura
352 3914 470 3981 montis
483 3910 601 3978 Haemi
618 3922 649 3977 et
667 3933 762 3977 saeva
778 3910 900 3995 hiemps
919 3907 1073 3974 subvenit.

202 4003 249 4070 At
265 4006 387 4073 Romae
409 4017 565 4074 commota
585 4006 734 4093 principis
757 4006 865 4082 domo,
891 4012 927 4067 ut
949 4003 1045 4068 series
1067 4001 1164 4077 futmi
1182 4023 1213 4070 52

137 4097 171 4163 in
187 4097 397 4186 Agrippinam
420 4102 506 4167 exitii
524 4101 690 4186 inciperet,
710 4099 844 4166 Claudia
864 4096 1015 4176 Pulchra,
1039 4097 1165 4164 sobrina
