2760 4874
401 393 607 453 ANNALIUM
624 395 698 448 LIB.
713 395 778 449 XII.
798 397 916 451 18-24.
1104 385 1165 450 207

143 487 260 540 acum.
1113 500 1115 505 >

208 553 356 618 Traditus
369 552 500 638 posthac
509 552 707 616 Mithridates
721 563 891 637 vectusque
900 553 1034 618 Romam
1047 554 1166 640 perIu-
1185 575 1214 620 ar

142 650 230 714 nium
245 648 397 727 Cilonem,
411 656 643 733 procuratorem
655 646 759 724 Ponti,
777 647 911 713 ferocius
926 670 1020 732 quam
1033 671 1090 733 pro
1104 648 1167 714 for-

141 755 219 807 tuna
240 741 425 806 disseruisse
448 741 531 825 apud
555 739 725 804 Caesarem
746 739 917 819 ferebatur,
940 741 1083 825 elataque
1104 763 1167 807 vox

142 838 209 901 eius
232 836 265 899 in
289 835 417 920 vulgum
438 834 525 898 hisce
547 833 665 899 verbis:
695 857 777 914 „non
799 858 867 899 sum
890 836 1040 900 remissus
1063 835 1104 899 ad
1126 846 1166 912 te,

142 931 199 995 sed
216 952 373 994 reversus:
392 928 443 992 vol
461 929 568 993 sinon
586 928 701 1005 credis,
720 928 841 992 dimitte
858 939 889 992 et
906 934 1049 1012 quaere.“
1077 929 1166 993 vultu

140 1045 266 1107 quoque
288 1023 426 1087 interrito
444 1023 639 1107 permansit,
651 1044 722 1086 cum
738 1032 840 1087 rostra
860 1024 961 1100 iuxta,
985 1023 1166 1088 custodibus

141 1119 361 1192 circumdatus,
381 1117 462 1182 visui
479 1117 595 1202 populo
608 1115 816 1201 praeberetur.
840 1118 1015 1182 consularia
1031 1117 1167 1203 insignia

142 1212 261 1289 Ciloni,
280 1210 418 1294 Aquilae
435 1211 589 1296 praetoria
608 1211 825 1274 decernuntur.

205 1307 313 1371 Isdem
331 1305 511 1369 consulibus
534 1314 623 1369 atrox
645 1304 709 1368 odii
725 1302 903 1390 Agrippina
924 1327 961 1369 ao
978 1304 1102 1369 Lolliae
1119 1305 1166 1368 iu·
1185 1326 1216 1371 22

140 1400 240 1477 seusa,
256 1399 339 1484 quod
350 1420 457 1462 secum
470 1399 509 1462 de
522 1397 719 1462 matrimonio
732 1397 1085 1483 principisccrtavisset,
1100 1420 1166 1462 mo-

139 1496 214 1559 litur
232 1494 361 1557 crimina
378 1501 409 1556 et
427 1503 650 1568 accusatorem,
669 1491 723 1573 qui
740 1491 876 1556 obiceret
895 1491 1081 1569 Chaldaeos,
1100 1515 1166 1555 ma-

139 1611 213 1675 gos,
236 1588 522 1672 interrogatumque
544 1585 701 1671 Apollinis
722 1583 819 1649 Clarii
845 1586 1046 1650 simulacrum
1072 1608 1166 1671 super

139 1682 257 1767 nuptiis
275 1680 480 1766 imperatoris.
504 1680 587 1743 exim
602 1678 754 1744 Claudius
772 1679 991 1763 inaudita‘rea,
1010 1679 1110 1745 multa
1126 1680 1165 1743 de

140 1777 323 1842 claritudine
342 1775 409 1838 eius
428 1774 511 1859 apud
524 1783 667 1838 senatum
679 1773 848 1859 praefatus,
869 1797 973 1839 sorore
986 1775 1027 1838 L.
1043 1773 1166 1839 Volusii

139 1871 293 1956 genitam,
316 1869 465 1934 maiorem
488 1868 517 1932 ei
538 1877 683 1953 patruum
707 1867 832 1932 Cottam
855 1862 1063 1932 Messalinum
1085 1889 1165 1942 esse,

139 1964 293 2028 Memmio
311 1963 468 2046 quondam
486 1962 609 2046 Regulo
627 1971 758 2046 nuptam
771 1985 894 2026 —nam
912 1963 951 2026 de
966 1961 1003 2026 C.
1019 1960 1165 2027 Caesaris

139 2057 257 2143 nuptiis
277 2055 419 2120 consulto
435 2054 584 2119 reticebat
597 2093 638 2101 -
648 2055 767 2118 addidit
783 2055 957 2140 perniciosa
974 2056 1007 2118 in
1023 2077 1090 2119 rem
1107 2078 1166 2139 pu-

140 2150 255 2217 blicam
282 2149 410 2214 consilia
433 2159 464 2213 et
489 2149 650 2212 materiem
676 2148 786 2213 sceleri
811 2148 1048 2225 detrahendam
1074 2148 1165 2232 proin

138 2242 306 2329 publicatis
324 2242 415 2307 bonis
435 2242 557 2306 cederet
574 2241 679 2306 Italia:
702 2242 746 2305 ita
763 2241 968 2326 quinquagies
988 2241 1164 2306 sestertium

140 2359 181 2401 ex
199 2335 309 2420 opibus
327 2335 478 2400 inmensis
500 2335 585 2399 exuli
601 2334 752 2399 relictum.
781 2343 812 2398 et
830 2332 1013 2418 Calpurnia,
1036 2333 1164 2397 illustris

139 2430 266 2507 femina,
285 2431 478 2515 pervertitur,
497 2431 571 2513 quia
585 2429 718 2494 formam
731 2430 798 2494 eius
811 2429 993 2495 laudaverat
1009 2428 1163 2513 princeps,

138 2523 225 2587 nulla
242 2523 383 2600 libidine,
407 2524 464 2588 sed
481 2524 608 2588 fortuito
627 2545 783 2599 sermone3
806 2522 889 2587 unde
906 2523 953 2586 ira
969 2521 1164 2607 Agrippinae

139 2619 218 2682 citra
235 2618 344 2682 ultima
362 2619 459 2682 stetit:
478 2618 511 2682 in
528 2617 666 2682 Lolliam
683 2617 815 2692 mittitur
832 2616 988 2693 tribunus,
1008 2638 1106 2699 aquo
1124 2616 1165 2678 ad

137 2721 271 2776 mortem
293 2713 478 2798 adigeretur.
506 2713 671 2776 damnatus
694 2721 725 2775 et
746 2711 816 2797 lege
838 2713 1079 2796 repetundarum
1102 2709 1165 2776 Ca-

139 2800 333 2870 diuisufus
351 2805 571 2870 accusantibus
590 2805 746 2891 Bithynis.

205 2896 327 2964 Galliae
339 2898 534 2964 Narbonensi
553 2898 593 2964 ob
612 2899 771 2985 egregiam
788 2899 822 2963 in
838 2908 942 2984 patres
959 2898 1165 2964 reverentiam
1184 2919 1215 2966 23

138 2993 249 3057 datum
266 3003 301 3056 ut
319 2993 513 3058 senatoribus
528 2994 595 3058 eius
608 2994 792 3078 provinciae
804 3017 867 3058 non
880 2994 1035 3078 exquisita
1051 2993 1165 3078 princi-

137 3087 189 3172 pis
208 3087 369 3164 sententia,
388 3087 455 3151 iure
473 3109 535 3170 quo
551 3085 659 3154 Sicilia
675 3086 850 3165 haberetur,
869 3110 920 3152 res
939 3111 1017 3152 suas>
1030 3087 1164 3152 invisere

137 3181 259 3257 liceret3
282 3180 460 3262 Ituraeique
483 3190 513 3244 et
530 3181 641 3246 Iudaei
663 3180 818 3244 defunctis
840 3180 982 3265 regibus,
1006 3177 1164 3244 Sohaemo

138 3283 233 3355 atque
246 3271 399 3359 Agrippa,
413 3274 591 3359 provinciae
607 3272 717 3358 Syriae
736 3273 842 3337 additi.
867 3272 985 3338 Salutis
999 3272 1164 3356 augurium

112 3385 116 3392 ·
137 3367 277 3450 quinque
292 3377 323 3432 et
334 3371 527 3454 septuaginta
540 3368 629 3433 annis
644 3367 795 3432 omissum
809 3366 906 3451 repeti
920 3389 956 3430 ac
969 3366 1080 3430 deinde
1091 3387 1164 3429 con·

138 3460 253 3524 tinuari
269 3460 428 3545 placitum.
456 3472 487 3525 et
503 3461 698 3547 pomoerium
714 3460 800 3525 urbis
819 3461 906 3524 auxit
924 3458 1055 3534 Caesar,
1078 3481 1164 3522 more

136 3554 252 3640 prisco,
271 3577 333 3638 quo
350 3555 389 3619 iis
408 3556 462 3638 qui
474 3556 630 3641 protulere
646 3555 820 3640 imperium,
840 3554 933 3618 etiam
946 3552 1094 3617 terminos
1112 3574 1164 3614 ur-

137 3648 188 3714 bis
205 3670 379 3735 propagare
392 3651 497 3729 datur3
516 3673 574 3715 nec
588 3660 693 3714 tamen
711 3651 807 3714 duces
820 3648 955 3714 Romani
972 3668 1163 3731 quamquam

137 3743 263 3826 magnis
285 3743 464 3808 nationibus
487 3745 639 3822 subactis,
663 3750 902 3828 usurpaverant,
926 3740 987 3806 nisi
1008 3741 1049 3804 L.
1074 3738 1164 3804 Sulla

137 3845 170 3900 et
187 3837 278 3900 divus
296 3836 473 3923 Augustus.

201 3929 328 4015 Regum
344 3932 378 3994 in
395 3950 432 3997 eo
450 3933 578 3998 ambitio
590 3933 641 3997 vel
658 3932 758 4018 gloria
770 3931 854 3994 varie
872 3929 1013 4015 vulgata:
1033 3927 1088 3992 sed
1105 3926 1163 3990 ini·
1181 3946 1212 3991 ‘24

136 4023 397 4112 tiumeondendi‚
417 4037 447 4091 et
464 4029 548 4111 quod
565 4027 757 4113 pomoerium
770 4025 924 4090 Romulus
942 4023 1089 4109 posuerit,
1107 4043 1163 4085 no-

137 4119 323 4183 scerehaud
336 4119 508 4186 absurdum
520 4145 598 4187 reor.
617 4121 712 4207 igitur
724 4144 744 4186 a
756 4120 824 4186 foro
838 4119 955 4199 boario,
970 4117 1024 4184 ubi
1037 4139 1162 4183 aereum
