2760 4874
610 158 658 243 b

386 372 593 433 ANNALIUM
606 373 681 430 LIB.
695 372 776 430 XIII.
793 374 915 430 45-49.
1097 360 1161 427 249

137 467 253 518 achsa.

137 537 262 601 fortuna
276 533 372 618 digna
384 534 500 598 visere:
518 543 550 597 at
563 532 728 610 Neronem,
747 532 866 617 paelice
880 530 993 596 aneilla
1005 540 1036 594 et
1049 531 1162 596 adsue-

137 630 244 694 tudine
266 625 366 693 Actes
393 627 585 704 devinetum‚
612 626 729 691 nihile
752 625 1081 690 contubernioservili
1101 626 1163 690 nisi

136 724 293 790 abiectum
311 732 342 787 et
360 722 519 787 sordidum
532 722 674 792 traxisse.
697 721 829 785 deicitur
842 720 1050 786 familiaritate
1064 730 1161 798 sucta,

135 827 208 904 post
225 839 398 902 congressu
416 827 446 881 et
464 816 613 880 comitatu
631 813 728 892 Otho,
748 816 836 879 etad
854 824 1055 899 postremum,
1073 837 1113 879 ne
1130 815 1164 878 in

136 912 214 977 urbe
232 912 406 977 aemulatus
429 920 548 996 ageret,
571 910 748 995 provinciae
766 909 952 974 Lusitaniae
972 909 1162 994 praeficitur3

137 1006 192 1071 ubi
214 1027 314 1088 usque
336 1006 377 1069 ad
399 1004 502 1068 civilia
523 1027 610 1068 arma
632 1026 695 1068 non
713 1025 752 1068 ex
772 1003 875 1089 priore
896 1003 1027 1067 infamia
1044 1003 1100 1068 sed
1117 1002 1164 1066 in-

136 1117 224 1186 tegre
239 1109 407 1182 sancteque
422 1099 494 1185 egit,
512 1120 630 1183 proca-x
642 1098 697 1162 otii
710 1106 741 1161 et
752 1098 916 1183 potestatis
934 1097 1163 1183 temperantior.

202 1193 367 1257 Hactenus
384 1192 469 1256 Nero
491 1192 617 1278 flagitiis
636 1201 667 1256 et
685 1191 854 1257 sceleribus
876 1192 1052 1257 velamenta
1069 1213 1165 1276 quae·
1181 1210 1214 1256 47

138 1287 223 1352 sivit:
248 1285 449 1371 suspectabat
470 1286 606 1350 maxime
625 1284 806 1350 Cornelium
829 1284 966 1364 Sullam,
989 1308 1095 1351 socors
1117 1285 1165 1349 in-

137 1381 266 1468 genium
284 1381 351 1445 eius
369 1380 403 1445 in
421 1380 609 1444 contrarium
622 1380 748 1445 trahens
763 1381 970 1465 callidumque
988 1392 1021 1446 et
1037 1382 1165 1446 sirncda-

138 1486 236 1540 torem
261 1474 507 1559 interpretand03
534 1496 628 1557 quem
654 1485 772 1539 metum
799 1472 953 1559 Graptus,
980 1497 1020 1539 ex
1045 1475 1163 1540 libertis

138 1568 299 1645 Caesaris,
322 1590 383 1632 usu
402 1577 432 1633 et
450 1577 576 1633 senecta
593 1567 720 1636 Tiberio
743 1569 883 1653 abusque
906 1570 1034 1634 domum
1051 1570 1165 1655 princi-

136 1685 213 1749 pum
232 1663 376 1739 cdoctus,
399 1662 454 1726 tali
471 1663 634 1726 mendacio
651 1663 796 1727 intendit:
818 1685 899 1749 pons
916 1663 1058 1728 Mulvius
1076 1663 1109 1727 in
1127 1685 1164 1728 eo

137 1766 276 1841 tempore
287 1755 417 1820 celebris
431 1756 592 1821 nocturnis
599 1756 763 1822 inlecebris
774 1766 840 1821 crat
848 1756 1081 1841 ventitabatque
1090 1757 1164 1821 illuc

136 1849 234 1927 Nero,
261 1871 324 1933 quo
347 1849 479 1914 solutius
506 1850 615 1914 urbem
638 1861 726 1915 extra
746 1851 917 1930 lasciviret3
944 1852 1039 1938 igitur
1060 1873 1165 1938 regre-

137 1943 234 2008 dienti
245 1966 302 2028 per
314 1943 399 2008 viam
411 1942 598 2008 Flaminiam
613 1944 801 2029 compositas
814 1945 945 2010 insidias
958 1945 1086 2029 fatoque
1100 1946 1164 2010 evi-

137 2047 232 2114 tatas,
255 2037 403 2120 quoniam
425 2038 549 2102 diverso
571 2038 680 2102 itinere
700 2036 908 2104 Sallustianos
932 2040 965 2102 in
987 2039 1093 2104 hortos
1107 2061 1164 2103 re-

136 2131 301 2209 meaverit,
324 2140 544 2214 auctoremque
566 2132 633 2196 eius
657 2133 720 2196 doli
744 2130 865 2198 Sullam
887 2133 1067 2210 ementitur,
1089 2133 1164 2214 quia

137 2225 218 2290 forte
230 2225 432 2290 redeuntibus
446 2226 595 2291 ministris
609 2226 758 2312 principis
776 2228 904 2310 quidam
921 2249 979 2312 per
994 2226 1163 2301 iuvenilem
1180 2240 1185 2250 ¹

136 2319 307 2397 licentiam,
331 2341 412 2403 quae
429 2329 504 2385 tune
525 2320 644 2405 passim
667 2320 881 2398 exercebatur,
903 2320 1028 2384 inanem
1045 2330 1165 2384 metum

137 2413 285 2478 fecerant.
312 2434 414 2496 neque
432 2436 593 2478 servorum
611 2414 777 2497 quisquam
794 2435 895 2496 neque
913 2412 1072 2479 clientium
1091 2409 1165 2478 Sul-
1235 2483 1237 2488 .
1319 2435 1322 2442 *
1349 2448 1352 2453 ·

136 2507 188 2572 lae
209 2507 369 2593 adgnitus,
393 2508 590 2591 maximeque
613 2509 761 2593 despecta
783 2517 814 2572 et
835 2507 949 2571 nullius
973 2506 1042 2571 ausi
1064 2526 1164 2590 capax

137 2611 249 2666 natura
275 2601 341 2666 eius
367 2625 387 2666 a
408 2601 536 2666 crimine
562 2601 762 2667 abhorrebat:
788 2601 918 2687 proinde
943 2610 1049 2665 tamen
1073 2599 1164 2682 quasi

139 2695 300 2760 convictus
318 2705 415 2772 esset,
439 2696 548 2760 cedere
566 2696 666 2781 patria
683 2704 715 2760 et
730 2695 978 2760 Massiliensium
999 2692 1165 2760 moenibus
1247 2759 1249 2766 ,

139 2789 275 2854 coerceri
292 2788 426 2855 iubetur.

203 2882 311 2947 Isdem
320 2882 499 2948 consulibus
509 2883 883 2950 auditaePuteolanorum
891 2883 1074 2969 legationes,
1084 2904 1163 2965 quas
1183 2899 1215 2949 t8

139 2979 279 3044 diversas
298 2979 388 3056 ordo,
406 2978 495 3064 plebs
514 2981 555 3044 ad
573 2990 716 3046 senatum
733 2981 895 3058 miserant,
918 2980 964 3043 illi
980 2979 1044 3043 vim
1061 2978 1166 3041 multi-

140 3073 271 3150 tudinis,
293 3072 327 3136 hi
344 3073 583 3158 magistratuum
606 3083 637 3138 et
653 3075 747 3159 primi
765 3075 918 3156 cuiusque
940 3072 1101 3137 avaritiam
1118 3071 1166 3134 in-

69 3165 78 3178 “
140 3175 312 3252 crepantes,
327 3188 425 3249 eaque
440 3168 550 3231 seditio
565 3168 606 3232 ad
619 3191 696 3232 saxa
709 3176 741 3232 et
753 3167 853 3231 minas
868 3166 989 3251 ignium
997 3185 1166 3249 progressa

140 3282 178 3327 ae
194 3281 304 3350 necem
321 3270 353 3324 et
369 3284 456 3325 arma
473 3262 645 3346 proliceret,
666 3260 703 3326 O.
720 3258 852 3325 Cassius
871 3257 1049 3325 adhibendo
1065 3279 1166 3322 reme-

140 3355 194 3419 dio
210 3355 368 3432 delectus:
395 3355 470 3437 quia
494 3355 690 3419 severitatem
713 3355 780 3418 eius
802 3376 866 3417 uon
887 3351 1073 3429 tolerabant,
1095 3372 1166 3435 pre-

141 3456 231 3512 cante
249 3448 319 3532 ipso
336 3449 377 3512 ad
396 3446 577 3513 Scribonios
596 3448 710 3513 fratres
725 3470 764 3512 ea
780 3469 854 3512 cura
872 3446 1069 3522 transfertur,
1093 3444 1166 3508 data
1250 3484 1253 3488 -

141 3541 267 3606 cohorte
284 3542 451 3626 praetoria,
471 3542 559 3608 cuius
578 3552 692 3607 terrore
711 3552 742 3606 et
759 3563 929 3627 paucorum
948 3538 1100 3625 supplicio
1117 3559 1167 3602 re-

142 3636 200 3700 diit
216 3636 380 3721 oppidanis
399 3636 574 3701 concordia.

206 3729 278 3794 Non
294 3729 443 3795 referrem
460 3731 716 3817 vulgarissimum
739 3739 866 3796 senatus
889 3729 1080 3805 consultum,
1103 3748 1166 3809 quo
1183 3744 1215 3792 49

71 3831 74 3836 “
141 3823 259 3888 civitati
270 3821 539 3909 Syracusanorum
552 3825 659 3910 egredi
671 3839 837 3890 numerum
850 3823 979 3888 edendis
988 3821 1167 3908 gladiatori-

141 3917 202 3982 bus
215 3916 337 3981 finitum
346 3918 589 4003 permittebatur,
603 3918 664 3982 nisi
673 3918 789 3982 Paetus
800 3917 941 3982 Thrasea
954 3924 1062 3980 contra
1070 3913 1166 3978 dixis-

142 4019 191 4076 set
198 4011 455 4096 praebuissetque
465 4012 625 4076 materiem
635 4010 892 4076 obtrectatoribus
903 4008 1080 4095 arguendae
1096 4029 1166 4072 sen-

141 4104 270 4173 tentiae:
289 4128 344 4172 cur
362 4106 455 4184 euim,
474 4107 502 4172 si
518 4128 584 4170 rem
601 4104 758 4191 publicam
776 4127 867 4192 egere
884 4103 1025 4170 libertate
1043 4111 1166 4168 senato-
