<?xml version="1.0" encoding="UTF-8"?>
<!DOCTYPE html PUBLIC "-//W3C//DTD XHTML 1.0 Transitional//EN"
    "http://www.w3.org/TR/xhtml1/DTD/xhtml1-transitional.dtd">
<html xmlns="http://www.w3.org/1999/xhtml" xml:lang="en" lang="en">
 <head>
  <title>
</title>
<meta http-equiv="Content-Type" content="text/html;charset=utf-8" />
  <meta name='ocr-system' content='tesseract 3.04.00' />
  <meta name='ocr-capabilities' content='ocr_page ocr_carea ocr_par ocr_line ocrx_word'/>
</head>
<body>
  <div class='ocr_page' id='page_1' title='image "./corneliitacitio01haasgoog_0170.png"; bbox 0 0 2760 4874; ppageno 0'>
   <div class='ocr_carea' id='block_1_1' title="bbox 119 350 1144 504">
    <p class='ocr_par' dir='ltr' id='par_1_1' title="bbox 119 350 1144 504">
     <span class='ocr_line' id='line_1_1' title="bbox 383 350 1144 418; baseline -0.003 0"><span class='ocrx_word' id='word_1_1' title='bbox 383 358 591 418; x_wconf 85' lang='lat' dir='ltr'>ANNALIUM</span> <span class='ocrx_word' id='word_1_2' title='bbox 608 359 683 415; x_wconf 90' lang='lat' dir='ltr'><strong>LIB.</strong></span> <span class='ocrx_word' id='word_1_3' title='bbox 696 360 749 415; x_wconf 91' lang='lat'>111.</span> <span class='ocrx_word' id='word_1_4' title='bbox 767 360 887 417; x_wconf 77' lang='lat'><strong>25-29.</strong></span> <span class='ocrx_word' id='word_1_5' title='bbox 1102 350 1144 416; x_wconf 85' lang='grc'>93</span> 
     </span>
     <span class='ocr_line' id='line_1_2' title="bbox 119 451 238 504; baseline -0.017 -11"><span class='ocrx_word' id='word_1_6' title='bbox 119 464 142 504; x_wconf 71' lang='grc' dir='ltr'>ρ.</span> <span class='ocrx_word' id='word_1_7' title='bbox 153 451 195 493; x_wconf 79' lang='lat' dir='ltr'>cn.</span> <span class='ocrx_word' id='word_1_8' title='bbox 205 452 238 492; x_wconf 77' lang='lat' dir='ltr'>ao.</span> 
     </span>
    </p>
   </div>
   <div class='ocr_carea' id='block_1_2' title="bbox 118 516 1194 3792">
    <p class='ocr_par' dir='ltr' id='par_1_2' title="bbox 118 516 1194 3510">
     <span class='ocr_line' id='line_1_3' title="bbox 118 516 1144 607; baseline 0.001 -23"><span class='ocrx_word' id='word_1_9' title='bbox 118 520 243 607; x_wconf 84' lang='lat' dir='ltr'>positae</span> <span class='ocrx_word' id='word_1_10' title='bbox 260 517 425 583; x_wconf 84' lang='lat' dir='ltr'>duodecim</span> <span class='ocrx_word' id='word_1_11' title='bbox 446 516 585 594; x_wconf 86' lang='lat' dir='ltr'>tabulae,</span> <span class='ocrx_word' id='word_1_12' title='bbox 607 517 679 581; x_wconf 88' lang='lat' dir='ltr'>finis</span> <span class='ocrx_word' id='word_1_13' title='bbox 701 517 794 601; x_wconf 88' lang='lat' dir='ltr'>aequi</span> <span class='ocrx_word' id='word_1_14' title='bbox 810 517 902 599; x_wconf 89' lang='lat' dir='ltr'>iuris;</span> <span class='ocrx_word' id='word_1_15' title='bbox 922 540 997 587; x_wconf 75' lang='lat' dir='ltr'>nem</span> <span class='ocrx_word' id='word_1_16' title='bbox 1020 529 1144 585; x_wconf 88' lang='lat' dir='ltr'>secutae</span> 
     </span>
     <span class='ocr_line' id='line_1_4' title="bbox 118 611 1145 701; baseline -0.003 -20"><span class='ocrx_word' id='word_1_17' title='bbox 118 616 208 701; x_wconf 87' lang='lat' dir='ltr'>leges</span> <span class='ocrx_word' id='word_1_18' title='bbox 226 613 286 678; x_wconf 89' lang='lat' dir='ltr'>etsi</span> <span class='ocrx_word' id='word_1_19' title='bbox 303 612 470 698; x_wconf 88' lang='lat' dir='ltr'>aliquando</span> <span class='ocrx_word' id='word_1_20' title='bbox 483 612 516 675; x_wconf 92' lang='lat' dir='ltr'>in</span> <span class='ocrx_word' id='word_1_21' title='bbox 532 611 690 676; x_wconf 84' lang='lat' dir='ltr'>maleficos</span> <span class='ocrx_word' id='word_1_22' title='bbox 704 634 744 675; x_wconf 80' lang='lat' dir='ltr'>ex</span> <span class='ocrx_word' id='word_1_23' title='bbox 756 612 879 690; x_wconf 91' lang='lat' dir='ltr'>delicto,</span> <span class='ocrx_word' id='word_1_24' title='bbox 896 614 1022 699; x_wconf 78' lang='lat' dir='ltr'>saepius</span> <span class='ocrx_word' id='word_1_25' title='bbox 1040 625 1145 679; x_wconf 88' lang='lat' dir='ltr'>tamen</span> 
     </span>
     <span class='ocr_line' id='line_1_5' title="bbox 119 706 1145 792; baseline -0.002 -18"><span class='ocrx_word' id='word_1_26' title='bbox 119 707 315 774; x_wconf 84' lang='lat' dir='ltr'>dissensione</span> <span class='ocrx_word' id='word_1_27' title='bbox 330 707 473 772; x_wconf 88' lang='lat' dir='ltr'>ordinum</span> <span class='ocrx_word' id='word_1_28' title='bbox 486 715 516 769; x_wconf 90' lang='lat' dir='ltr'>et</span> <span class='ocrx_word' id='word_1_29' title='bbox 530 706 690 791; x_wconf 86' lang='lat' dir='ltr'>apiscendi</span> <span class='ocrx_word' id='word_1_30' title='bbox 707 706 839 771; x_wconf 85' lang='lat' dir='ltr'>inlicitos</span> <span class='ocrx_word' id='word_1_31' title='bbox 857 706 990 772; x_wconf 86' lang='lat' dir='ltr'>honores</span> <span class='ocrx_word' id='word_1_32' title='bbox 1008 717 1062 771; x_wconf 88' lang='lat' dir='ltr'>aut</span> <span class='ocrx_word' id='word_1_33' title='bbox 1079 709 1145 792; x_wconf 91' lang='lat' dir='ltr'>pel-</span> 
     </span>
     <span class='ocr_line' id='line_1_6' title="bbox 118 799 1143 885; baseline -0.003 -18"><span class='ocrx_word' id='word_1_34' title='bbox 118 802 205 868; x_wconf 90' lang='lat' dir='ltr'>lendi</span> <span class='ocrx_word' id='word_1_35' title='bbox 231 801 331 866; x_wconf 88' lang='lat' dir='ltr'>claros</span> <span class='ocrx_word' id='word_1_36' title='bbox 358 800 442 864; x_wconf 82' lang='lat' dir='ltr'>viros</span> <span class='ocrx_word' id='word_1_37' title='bbox 469 799 591 882; x_wconf 85' lang='lat' dir='ltr'>aliaque</span> <span class='ocrx_word' id='word_1_38' title='bbox 617 799 657 865; x_wconf 94' lang='lat' dir='ltr'>ob</span> <span class='ocrx_word' id='word_1_39' title='bbox 678 822 776 884; x_wconf 89' lang='lat' dir='ltr'>prava</span> <span class='ocrx_word' id='word_1_40' title='bbox 796 822 852 885; x_wconf 91' lang='lat' dir='ltr'>per</span> <span class='ocrx_word' id='word_1_41' title='bbox 873 801 938 865; x_wconf 87' lang='lat' dir='ltr'>vim</span> <span class='ocrx_word' id='word_1_42' title='bbox 959 801 1039 864; x_wconf 84' lang='lat' dir='ltr'>latae</span> <span class='ocrx_word' id='word_1_43' title='bbox 1062 811 1143 865; x_wconf 91' lang='lat' dir='ltr'>sunt.</span> 
     </span>
     <span class='ocr_line' id='line_1_7' title="bbox 118 891 1145 978; baseline -0.004 -17"><span class='ocrx_word' id='word_1_44' title='bbox 118 896 195 961; x_wconf 88' lang='lat' dir='ltr'>hino</span> <span class='ocrx_word' id='word_1_45' title='bbox 217 892 354 960; x_wconf 85' lang='lat' dir='ltr'>Gracchi</span> <span class='ocrx_word' id='word_1_46' title='bbox 375 904 406 957; x_wconf 92' lang='lat' dir='ltr'>et</span> <span class='ocrx_word' id='word_1_47' title='bbox 430 891 603 970; x_wconf 88' lang='lat' dir='ltr'>Saturnini,</span> <span class='ocrx_word' id='word_1_48' title='bbox 631 892 804 958; x_wconf 81' lang='lat' dir='ltr'>turbatores</span> <span class='ocrx_word' id='word_1_49' title='bbox 824 893 942 978; x_wconf 89' lang='lat' dir='ltr'>plebis,</span> <span class='ocrx_word' id='word_1_50' title='bbox 964 915 1023 957; x_wconf 92' lang='lat' dir='ltr'>nee</span> <span class='ocrx_word' id='word_1_51' title='bbox 1043 894 1145 958; x_wconf 89' lang='lat' dir='ltr'>minor</span> 
     </span>
     <span class='ocr_line' id='line_1_8' title="bbox 118 986 1145 1075; baseline -0.005 -20"><span class='ocrx_word' id='word_1_52' title='bbox 118 989 249 1075; x_wconf 82' lang='lat' dir='ltr'>largitor</span> <span class='ocrx_word' id='word_1_53' title='bbox 269 987 395 1052; x_wconf 89' lang='lat' dir='ltr'>nomine</span> <span class='ocrx_word' id='word_1_54' title='bbox 422 996 548 1051; x_wconf 88' lang='lat' dir='ltr'>senatus</span> <span class='ocrx_word' id='word_1_55' title='bbox 570 986 712 1064; x_wconf 86' lang='lat' dir='ltr'>Drusus3</span> <span class='ocrx_word' id='word_1_56' title='bbox 739 988 876 1072; x_wconf 86' lang='lat' dir='ltr'>corrupti</span> <span class='ocrx_word' id='word_1_57' title='bbox 898 1009 953 1072; x_wconf 90' lang='lat' dir='ltr'>spe</span> <span class='ocrx_word' id='word_1_58' title='bbox 975 995 1030 1051; x_wconf 87' lang='lat' dir='ltr'>aut</span> <span class='ocrx_word' id='word_1_59' title='bbox 1050 987 1145 1051; x_wconf 90' lang='lat' dir='ltr'>inlusi</span> 
     </span>
     <span class='ocr_line' id='line_1_9' title="bbox 118 1078 1145 1170; baseline -0.003 -22"><span class='ocrx_word' id='word_1_60' title='bbox 118 1105 177 1170; x_wconf 88' lang='lat' dir='ltr'>per</span> <span class='ocrx_word' id='word_1_61' title='bbox 193 1082 447 1148; x_wconf 89' lang='lat' dir='ltr'>intercessionem</span> <span class='ocrx_word' id='word_1_62' title='bbox 465 1081 556 1157; x_wconf 82' lang='lat' dir='ltr'>soeii3</span> <span class='ocrx_word' id='word_1_63' title='bbox 579 1102 615 1145; x_wconf 92' lang='lat' dir='ltr'>ac</span> <span class='ocrx_word' id='word_1_64' title='bbox 632 1102 672 1144; x_wconf 90' lang='lat' dir='ltr'>ne</span> <span class='ocrx_word' id='word_1_65' title='bbox 690 1079 772 1145; x_wconf 92' lang='lat' dir='ltr'>bello</span> <span class='ocrx_word' id='word_1_66' title='bbox 789 1078 915 1164; x_wconf 90' lang='lat' dir='ltr'>quidem</span> <span class='ocrx_word' id='word_1_67' title='bbox 932 1081 1051 1153; x_wconf 89' lang='lat' dir='ltr'>Italico,</span> <span class='ocrx_word' id='word_1_68' title='bbox 1070 1103 1145 1145; x_wconf 85' lang='lat' dir='ltr'>mox</span> 
     </span>
     <span class='ocr_line' id='line_1_10' title="bbox 120 1174 1144 1257; baseline -0.004 -15"><span class='ocrx_word' id='word_1_69' title='bbox 120 1176 206 1242; x_wconf 90' lang='lat' dir='ltr'>civili</span> <span class='ocrx_word' id='word_1_70' title='bbox 223 1176 388 1251; x_wconf 90' lang='lat' dir='ltr'>omissum,</span> <span class='ocrx_word' id='word_1_71' title='bbox 407 1175 482 1257; x_wconf 92' lang='lat' dir='ltr'>quin</span> <span class='ocrx_word' id='word_1_72' title='bbox 500 1174 646 1239; x_wconf 86' lang='lat' dir='ltr'>multa-et</span> <span class='ocrx_word' id='word_1_73' title='bbox 663 1175 787 1240; x_wconf 87' lang='lat' dir='ltr'>diversa</span> <span class='ocrx_word' id='word_1_74' title='bbox 805 1174 1022 1252; x_wconf 89' lang='lat' dir='ltr'>sciscerentur,</span> <span class='ocrx_word' id='word_1_75' title='bbox 1045 1175 1144 1239; x_wconf 89' lang='lat' dir='ltr'>donec</span> 
     </span>
     <span class='ocr_line' id='line_1_11' title="bbox 119 1266 1145 1353; baseline -0.005 -17"><span class='ocrx_word' id='word_1_76' title='bbox 119 1271 162 1335; x_wconf 81' lang='lat' dir='ltr'>L.</span> <span class='ocrx_word' id='word_1_77' title='bbox 180 1267 281 1335; x_wconf 75' lang='lat' dir='ltr'>,Sulla</span> <span class='ocrx_word' id='word_1_78' title='bbox 306 1269 440 1332; x_wconf 88' lang='lat' dir='ltr'>dictator</span> <span class='ocrx_word' id='word_1_79' title='bbox 464 1266 587 1342; x_wconf 87' lang='lat' dir='ltr'>abolitis</span> <span class='ocrx_word' id='word_1_80' title='bbox 614 1267 665 1331; x_wconf 87' lang='lat' dir='ltr'>vel</span> <span class='ocrx_word' id='word_1_81' title='bbox 691 1268 849 1332; x_wconf 87' lang='lat' dir='ltr'>conversis</span> <span class='ocrx_word' id='word_1_82' title='bbox 875 1267 1044 1353; x_wconf 88' lang='lat' dir='ltr'>prioribus,</span> <span class='ocrx_word' id='word_1_83' title='bbox 1072 1289 1145 1331; x_wconf 91' lang='lat' dir='ltr'>cum</span> 
     </span>
     <span class='ocr_line' id='line_1_12' title="bbox 119 1361 1143 1450; baseline -0.002 -24"><span class='ocrx_word' id='word_1_84' title='bbox 119 1364 212 1450; x_wconf 85' lang='lat' dir='ltr'>plura</span> <span class='ocrx_word' id='word_1_85' title='bbox 229 1362 415 1439; x_wconf 82' lang='lat' dir='ltr'>addidisset,</span> <span class='ocrx_word' id='word_1_86' title='bbox 440 1362 537 1426; x_wconf 92' lang='lat' dir='ltr'>otium</span> <span class='ocrx_word' id='word_1_87' title='bbox 556 1361 623 1426; x_wconf 90' lang='lat' dir='ltr'>eius</span> <span class='ocrx_word' id='word_1_88' title='bbox 645 1362 690 1426; x_wconf 90' lang='lat' dir='ltr'>rei</span> <span class='ocrx_word' id='word_1_89' title='bbox 707 1362 792 1427; x_wconf 84' lang='lat' dir='ltr'>baud</span> <span class='ocrx_word' id='word_1_90' title='bbox 809 1362 843 1426; x_wconf 91' lang='lat' dir='ltr'>in</span> <span class='ocrx_word' id='word_1_91' title='bbox 863 1363 997 1448; x_wconf 83' lang='lat' dir='ltr'>longum.</span> <span class='ocrx_word' id='word_1_92' title='bbox 1013 1361 1143 1446; x_wconf 87' lang='lat' dir='ltr'>paravit,</span> 
     </span>
     <span class='ocr_line' id='line_1_13' title="bbox 121 1455 1145 1541; baseline -0.004 -19"><span class='ocrx_word' id='word_1_93' title='bbox 121 1457 227 1522; x_wconf 86' lang='lat' dir='ltr'>statim</span> <span class='ocrx_word' id='word_1_94' title='bbox 258 1456 388 1521; x_wconf 88' lang='lat' dir='ltr'>turbidis</span> <span class='ocrx_word' id='word_1_95' title='bbox 418 1455 535 1540; x_wconf 92' lang='lat' dir='ltr'>Lepidi</span> <span class='ocrx_word' id='word_1_96' title='bbox 564 1455 778 1541; x_wconf 83' lang='lat' dir='ltr'>rogationibus</span> <span class='ocrx_word' id='word_1_97' title='bbox 809 1476 911 1539; x_wconf 82' lang='lat' dir='ltr'>neque</span> <span class='ocrx_word' id='word_1_98' title='bbox 945 1455 1043 1520; x_wconf 93' lang='lat' dir='ltr'>multo</span> <span class='ocrx_word' id='word_1_99' title='bbox 1072 1465 1145 1539; x_wconf 91' lang='lat' dir='ltr'>post</span> 
     </span>
     <span class='ocr_line' id='line_1_14' title="bbox 119 1548 1145 1634; baseline -0.004 -19"><span class='ocrx_word' id='word_1_100' title='bbox 119 1549 253 1616; x_wconf 73' lang='lat' dir='ltr'>tribunis</span> <span class='ocrx_word' id='word_1_101' title='bbox 278 1550 400 1614; x_wconf 90' lang='lat' dir='ltr'>reddita</span> <span class='ocrx_word' id='word_1_102' title='bbox 424 1548 562 1625; x_wconf 88' lang='lat' dir='ltr'>licentia,</span> <span class='ocrx_word' id='word_1_103' title='bbox 593 1571 718 1633; x_wconf 92' lang='lat' dir='ltr'>quoquo</span> <span class='ocrx_word' id='word_1_104' title='bbox 744 1550 872 1627; x_wconf 89' lang='lat' dir='ltr'>vellent,</span> <span class='ocrx_word' id='word_1_105' title='bbox 902 1549 1053 1634; x_wconf 92' lang='lat' dir='ltr'>populum</span> <span class='ocrx_word' id='word_1_106' title='bbox 1078 1549 1145 1634; x_wconf 87' lang='lat' dir='ltr'>agi-</span> 
     </span>
     <span class='ocr_line' id='line_1_15' title="bbox 120 1643 1144 1728; baseline -0.002 -19"><span class='ocrx_word' id='word_1_107' title='bbox 120 1644 217 1709; x_wconf 86' lang='lat' dir='ltr'>tandi.</span> <span class='ocrx_word' id='word_1_108' title='bbox 248 1643 372 1726; x_wconf 85' lang='lat' dir='ltr'>iamque</span> <span class='ocrx_word' id='word_1_109' title='bbox 398 1665 461 1707; x_wconf 92' lang='lat' dir='ltr'>non</span> <span class='ocrx_word' id='word_1_110' title='bbox 482 1643 576 1708; x_wconf 90' lang='lat' dir='ltr'>modo</span> <span class='ocrx_word' id='word_1_111' title='bbox 602 1643 635 1706; x_wconf 91' lang='lat' dir='ltr'>in</span> <span class='ocrx_word' id='word_1_112' title='bbox 661 1665 838 1721; x_wconf 91' lang='lat' dir='ltr'>commune,</span> <span class='ocrx_word' id='word_1_113' title='bbox 867 1645 922 1709; x_wconf 92' lang='lat' dir='ltr'>sed</span> <span class='ocrx_word' id='word_1_114' title='bbox 947 1644 981 1706; x_wconf 91' lang='lat' dir='ltr'>in</span> <span class='ocrx_word' id='word_1_115' title='bbox 1002 1643 1144 1728; x_wconf 87' lang='lat' dir='ltr'>singulos</span> 
     </span>
     <span class='ocr_line' id='line_1_16' title="bbox 119 1736 1145 1823; baseline -0.002 -21"><span class='ocrx_word' id='word_1_116' title='bbox 119 1737 263 1802; x_wconf 86' lang='lat' dir='ltr'>homines</span> <span class='ocrx_word' id='word_1_117' title='bbox 277 1737 357 1801; x_wconf 89' lang='lat' dir='ltr'>latae</span> <span class='ocrx_word' id='word_1_118' title='bbox 371 1736 568 1820; x_wconf 88' lang='lat' dir='ltr'>quaestiones</span> <span class='ocrx_word' id='word_1_119' title='bbox 575 1760 584 1814; x_wconf 94' lang='lat'>;</span> <span class='ocrx_word' id='word_1_120' title='bbox 603 1746 634 1801; x_wconf 91' lang='lat' dir='ltr'>et</span> <span class='ocrx_word' id='word_1_121' title='bbox 646 1737 879 1822; x_wconf 83' lang='lat' dir='ltr'>corruptissime</span> <span class='ocrx_word' id='word_1_122' title='bbox 891 1759 924 1801; x_wconf 89' lang='lat' dir='ltr'>re</span> <span class='ocrx_word' id='word_1_123' title='bbox 936 1737 1063 1823; x_wconf 88' lang='lat' dir='ltr'>publica</span> <span class='ocrx_word' id='word_1_124' title='bbox 1075 1737 1145 1822; x_wconf 92' lang='lat' dir='ltr'>plu-</span> 
     </span>
     <span class='ocr_line' id='line_1_17' title="bbox 119 1830 332 1916; baseline -0.009 -20"><span class='ocrx_word' id='word_1_125' title='bbox 119 1831 218 1896; x_wconf 85' lang='lat' dir='ltr'>rimae</span> <span class='ocrx_word' id='word_1_126' title='bbox 235 1830 332 1916; x_wconf 87' lang='lat' dir='ltr'>leges.</span> 
     </span>
     <span class='ocr_line' id='line_1_18' title="bbox 125 1922 1194 2011; baseline 0.009 -29"><span class='ocrx_word' id='word_1_127' title='bbox 125 1977 128 1982; x_wconf 87' lang='lat'>.</span> <span class='ocrx_word' id='word_1_128' title='bbox 186 1924 270 1989; x_wconf 85' lang='lat' dir='ltr'>Tum</span> <span class='ocrx_word' id='word_1_129' title='bbox 288 1922 347 1989; x_wconf 80' lang='lat' dir='ltr'>On.</span> <span class='ocrx_word' id='word_1_130' title='bbox 365 1922 536 2008; x_wconf 90' lang='lat' dir='ltr'>Pompeius</span> <span class='ocrx_word' id='word_1_131' title='bbox 559 1924 684 1989; x_wconf 90' lang='lat' dir='ltr'>tertium</span> <span class='ocrx_word' id='word_1_132' title='bbox 706 1925 816 1990; x_wconf 91' lang='lat' dir='ltr'>consul</span> <span class='ocrx_word' id='word_1_133' title='bbox 838 1925 1028 2011; x_wconf 85' lang='lat' dir='ltr'>corrigendis</span> <span class='ocrx_word' id='word_1_134' title='bbox 1050 1923 1144 1989; x_wconf 91' lang='lat' dir='ltr'>mori·</span> <span class='ocrx_word' id='word_1_135' title='bbox 1162 1944 1194 1992; x_wconf 82' lang='lat'>‘28</span> 
     </span>
     <span class='ocr_line' id='line_1_19' title="bbox 119 2017 1145 2104; baseline -0.002 -20"><span class='ocrx_word' id='word_1_136' title='bbox 119 2017 181 2084; x_wconf 86' lang='lat' dir='ltr'>bus</span> <span class='ocrx_word' id='word_1_137' title='bbox 199 2018 338 2082; x_wconf 90' lang='lat' dir='ltr'>delectus</span> <span class='ocrx_word' id='word_1_138' title='bbox 361 2027 391 2082; x_wconf 92' lang='lat' dir='ltr'>et</span> <span class='ocrx_word' id='word_1_139' title='bbox 408 2019 533 2104; x_wconf 84' lang='lat' dir='ltr'>gravior</span> <span class='ocrx_word' id='word_1_140' title='bbox 554 2019 699 2083; x_wconf 82' lang='lat' dir='ltr'>remediis</span> <span class='ocrx_word' id='word_1_141' title='bbox 721 2042 816 2102; x_wconf 91' lang='lat' dir='ltr'>quam</span> <span class='ocrx_word' id='word_1_142' title='bbox 834 2020 946 2084; x_wconf 87' lang='lat' dir='ltr'>delicta</span> <span class='ocrx_word' id='word_1_143' title='bbox 968 2028 1055 2082; x_wconf 89' lang='lat' dir='ltr'>erant</span> <span class='ocrx_word' id='word_1_144' title='bbox 1072 2042 1145 2083; x_wconf 86' lang='lat' dir='ltr'>sua·</span> 
     </span>
     <span class='ocr_line' id='line_1_20' title="bbox 119 2111 1143 2197; baseline -0.001 -20"><span class='ocrx_word' id='word_1_145' title='bbox 119 2133 252 2195; x_wconf 88' lang='lat' dir='ltr'>rumque</span> <span class='ocrx_word' id='word_1_146' title='bbox 281 2111 388 2197; x_wconf 85' lang='lat' dir='ltr'>legum</span> <span class='ocrx_word' id='word_1_147' title='bbox 417 2122 526 2176; x_wconf 88' lang='lat' dir='ltr'>auctor</span> <span class='ocrx_word' id='word_1_148' title='bbox 554 2112 638 2181; x_wconf 88' lang='lat' dir='ltr'>idem</span> <span class='ocrx_word' id='word_1_149' title='bbox 663 2134 700 2176; x_wconf 90' lang='lat' dir='ltr'>ao</span> <span class='ocrx_word' id='word_1_150' title='bbox 727 2112 907 2190; x_wconf 83' lang='lat' dir='ltr'>subversor,</span> <span class='ocrx_word' id='word_1_151' title='bbox 938 2135 1019 2195; x_wconf 86' lang='lat' dir='ltr'>quae</span> <span class='ocrx_word' id='word_1_152' title='bbox 1049 2113 1143 2176; x_wconf 90' lang='lat' dir='ltr'>armis</span> 
     </span>
     <span class='ocr_line' id='line_1_21' title="bbox 120 2204 1143 2298; baseline 0 -30"><span class='ocrx_word' id='word_1_153' title='bbox 120 2204 278 2282; x_wconf 89' lang='lat' dir='ltr'>tuebatur,</span> <span class='ocrx_word' id='word_1_154' title='bbox 305 2204 399 2269; x_wconf 88' lang='lat' dir='ltr'>armis</span> <span class='ocrx_word' id='word_1_155' title='bbox 425 2205 538 2270; x_wconf 79' lang='lat' dir='ltr'>amisit</span> <span class='ocrx_word' id='word_1_156' title='bbox 569 2207 642 2270; x_wconf 78' lang='lat' dir='ltr'>exin</span> <span class='ocrx_word' id='word_1_157' title='bbox 664 2206 810 2270; x_wconf 89' lang='lat' dir='ltr'>continua</span> <span class='ocrx_word' id='word_1_158' title='bbox 831 2229 887 2290; x_wconf 89' lang='lat' dir='ltr'>per</span> <span class='ocrx_word' id='word_1_159' title='bbox 912 2205 1023 2290; x_wconf 81' lang='lat' dir='ltr'>viginti</span> <span class='ocrx_word' id='word_1_160' title='bbox 1045 2227 1143 2298; x_wconf 83' lang='lat' dir='ltr'>annos</span> 
     </span>
     <span class='ocr_line' id='line_1_22' title="bbox 120 2298 1142 2383; baseline -0.001 -20"><span class='ocrx_word' id='word_1_161' title='bbox 120 2299 291 2377; x_wconf 62' lang='lat' dir='ltr'>discordiae</span> <span class='ocrx_word' id='word_1_162' title='bbox 312 2322 375 2364; x_wconf 91' lang='lat' dir='ltr'>non</span> <span class='ocrx_word' id='word_1_163' title='bbox 397 2322 480 2377; x_wconf 91' lang='lat' dir='ltr'>mos,</span> <span class='ocrx_word' id='word_1_164' title='bbox 503 2322 568 2364; x_wconf 92' lang='lat' dir='ltr'>non</span> <span class='ocrx_word' id='word_1_165' title='bbox 589 2299 653 2377; x_wconf 92' lang='lat' dir='ltr'>ius;</span> <span class='ocrx_word' id='word_1_166' title='bbox 676 2300 841 2364; x_wconf 89' lang='lat' dir='ltr'>deterrima</span> <span class='ocrx_word' id='word_1_167' title='bbox 858 2321 999 2382; x_wconf 90' lang='lat' dir='ltr'>quaeque</span> <span class='ocrx_word' id='word_1_168' title='bbox 1016 2298 1142 2383; x_wconf 90' lang='lat' dir='ltr'>inpune,</span> 
     </span>
     <span class='ocr_line' id='line_1_23' title="bbox 120 2389 1144 2463; baseline -0.003 -5"><span class='ocrx_word' id='word_1_169' title='bbox 120 2415 159 2458; x_wconf 86' lang='lat' dir='ltr'>ae</span> <span class='ocrx_word' id='word_1_170' title='bbox 184 2393 282 2463; x_wconf 73' lang='lat' dir='ltr'>mrrlta</span> <span class='ocrx_word' id='word_1_171' title='bbox 306 2393 438 2458; x_wconf 88' lang='lat' dir='ltr'>honesta</span> <span class='ocrx_word' id='word_1_172' title='bbox 463 2389 562 2458; x_wconf 85' lang='lat' dir='ltr'>exitio</span> <span class='ocrx_word' id='word_1_173' title='bbox 584 2393 681 2458; x_wconf 85' lang='lat' dir='ltr'>fuere.</span> <span class='ocrx_word' id='word_1_174' title='bbox 713 2403 802 2458; x_wconf 87' lang='lat' dir='ltr'>sexto</span> <span class='ocrx_word' id='word_1_175' title='bbox 828 2393 954 2457; x_wconf 91' lang='lat' dir='ltr'>demum</span> <span class='ocrx_word' id='word_1_176' title='bbox 980 2391 1144 2456; x_wconf 85' lang='lat' dir='ltr'>consulatu</span> 
     </span>
     <span class='ocr_line' id='line_1_24' title="bbox 121 2485 1145 2573; baseline -0.002 -22"><span class='ocrx_word' id='word_1_177' title='bbox 121 2485 241 2551; x_wconf 88' lang='lat' dir='ltr'>Caesar</span> <span class='ocrx_word' id='word_1_178' title='bbox 253 2485 430 2573; x_wconf 84' lang='lat' dir='ltr'>Augustus,</span> <span class='ocrx_word' id='word_1_179' title='bbox 448 2488 605 2573; x_wconf 89' lang='lat' dir='ltr'>potentiae</span> <span class='ocrx_word' id='word_1_180' title='bbox 624 2510 761 2564; x_wconf 91' lang='lat' dir='ltr'>securus,</span> <span class='ocrx_word' id='word_1_181' title='bbox 780 2509 860 2569; x_wconf 85' lang='lat' dir='ltr'>quae</span> <span class='ocrx_word' id='word_1_182' title='bbox 873 2486 1067 2550; x_wconf 88' lang='lat' dir='ltr'>triumviratu</span> <span class='ocrx_word' id='word_1_183' title='bbox 1080 2485 1145 2549; x_wconf 88' lang='lat' dir='ltr'>ius·</span> 
     </span>
     <span class='ocr_line' id='line_1_25' title="bbox 120 2580 1142 2668; baseline -0.002 -24"><span class='ocrx_word' id='word_1_184' title='bbox 120 2589 204 2644; x_wconf 88' lang='lat' dir='ltr'>serat</span> <span class='ocrx_word' id='word_1_185' title='bbox 217 2580 352 2646; x_wconf 84' lang='lat' dir='ltr'>abolevit</span> <span class='ocrx_word' id='word_1_186' title='bbox 365 2581 511 2664; x_wconf 89' lang='lat' dir='ltr'>deditque</span> <span class='ocrx_word' id='word_1_187' title='bbox 526 2582 594 2646; x_wconf 91' lang='lat' dir='ltr'>iura</span> <span class='ocrx_word' id='word_1_188' title='bbox 607 2582 676 2668; x_wconf 80' lang='lat' dir='ltr'>quis</span> <span class='ocrx_word' id='word_1_189' title='bbox 690 2603 768 2665; x_wconf 92' lang='lat' dir='ltr'>pace</span> <span class='ocrx_word' id='word_1_190' title='bbox 782 2591 812 2645; x_wconf 91' lang='lat' dir='ltr'>et</span> <span class='ocrx_word' id='word_1_191' title='bbox 824 2580 963 2666; x_wconf 88' lang='lat' dir='ltr'>principe</span> <span class='ocrx_word' id='word_1_192' title='bbox 977 2589 1142 2643; x_wconf 88' lang='lat' dir='ltr'>uteremur.</span> 
     </span>
     <span class='ocr_line' id='line_1_26' title="bbox 120 2671 1145 2762; baseline -0.002 -24"><span class='ocrx_word' id='word_1_193' title='bbox 120 2674 240 2739; x_wconf 85' lang='lat' dir='ltr'>acriora</span> <span class='ocrx_word' id='word_1_194' title='bbox 261 2697 301 2739; x_wconf 84' lang='lat' dir='ltr'>ex</span> <span class='ocrx_word' id='word_1_195' title='bbox 323 2697 360 2739; x_wconf 95' lang='lat' dir='ltr'>eo</span> <span class='ocrx_word' id='word_1_196' title='bbox 382 2675 499 2752; x_wconf 82' lang='lat' dir='ltr'>vincla,</span> <span class='ocrx_word' id='word_1_197' title='bbox 522 2675 612 2739; x_wconf 90' lang='lat' dir='ltr'>inditi</span> <span class='ocrx_word' id='word_1_198' title='bbox 635 2675 780 2740; x_wconf 90' lang='lat' dir='ltr'>custodes</span> <span class='ocrx_word' id='word_1_199' title='bbox 803 2686 834 2739; x_wconf 92' lang='lat' dir='ltr'>et</span> <span class='ocrx_word' id='word_1_200' title='bbox 855 2674 925 2762; x_wconf 82' lang='lat' dir='ltr'>lege</span> <span class='ocrx_word' id='word_1_201' title='bbox 942 2674 1043 2759; x_wconf 88' lang='lat' dir='ltr'>Papia</span> <span class='ocrx_word' id='word_1_202' title='bbox 1058 2671 1145 2758; x_wconf 92' lang='lat' dir='ltr'>Pop-</span> 
     </span>
     <span class='ocr_line' id='line_1_27' title="bbox 119 2768 1145 2855; baseline -0.002 -23"><span class='ocrx_word' id='word_1_203' title='bbox 119 2789 200 2852; x_wconf 86' lang='lat' dir='ltr'>paea</span> <span class='ocrx_word' id='word_1_204' title='bbox 221 2768 367 2852; x_wconf 88' lang='lat' dir='ltr'>praemiis</span> <span class='ocrx_word' id='word_1_205' title='bbox 390 2769 522 2846; x_wconf 86' lang='lat' dir='ltr'>inducti,</span> <span class='ocrx_word' id='word_1_206' title='bbox 546 2779 594 2846; x_wconf 90' lang='lat' dir='ltr'>ut,</span> <span class='ocrx_word' id='word_1_207' title='bbox 619 2769 646 2834; x_wconf 91' lang='lat' dir='ltr'>si</span> <span class='ocrx_word' id='word_1_208' title='bbox 664 2793 683 2834; x_wconf 91' lang='lat' dir='ltr'>a</span> <span class='ocrx_word' id='word_1_209' title='bbox 699 2769 870 2855; x_wconf 86' lang='lat' dir='ltr'>privilegiis</span> <span class='ocrx_word' id='word_1_210' title='bbox 891 2781 1054 2854; x_wconf 89' lang='lat' dir='ltr'>parentum</span> <span class='ocrx_word' id='word_1_211' title='bbox 1077 2789 1145 2831; x_wconf 89' lang='lat' dir='ltr'>ces-</span> 
     </span>
     <span class='ocr_line' id='line_1_28' title="bbox 121 2861 1143 2948; baseline -0.002 -22"><span class='ocrx_word' id='word_1_212' title='bbox 121 2872 254 2937; x_wconf 86' lang='lat' dir='ltr'>saretur,</span> <span class='ocrx_word' id='word_1_213' title='bbox 281 2861 367 2925; x_wconf 87' lang='lat' dir='ltr'>velut</span> <span class='ocrx_word' id='word_1_214' title='bbox 387 2885 500 2947; x_wconf 87' lang='lat' dir='ltr'>parens</span> <span class='ocrx_word' id='word_1_215' title='bbox 528 2864 668 2927; x_wconf 91' lang='lat' dir='ltr'>omnium</span> <span class='ocrx_word' id='word_1_216' title='bbox 695 2863 830 2948; x_wconf 87' lang='lat' dir='ltr'>populus</span> <span class='ocrx_word' id='word_1_217' title='bbox 852 2863 995 2928; x_wconf 87' lang='lat' dir='ltr'>vacantia</span> <span class='ocrx_word' id='word_1_218' title='bbox 1017 2871 1143 2926; x_wconf 90' lang='lat' dir='ltr'>teneret.</span> 
     </span>
     <span class='ocr_line' id='line_1_29' title="bbox 121 2955 1145 3041; baseline 0 -21"><span class='ocrx_word' id='word_1_219' title='bbox 121 2955 177 3020; x_wconf 85' lang='lat' dir='ltr'>sed</span> <span class='ocrx_word' id='word_1_220' title='bbox 200 2955 292 3020; x_wconf 88' lang='lat' dir='ltr'>altius</span> <span class='ocrx_word' id='word_1_221' title='bbox 313 2957 518 3041; x_wconf 87' lang='lat' dir='ltr'>penetrabant</span> <span class='ocrx_word' id='word_1_222' title='bbox 544 2957 716 3041; x_wconf 90' lang='lat' dir='ltr'>urbemque</span> <span class='ocrx_word' id='word_1_223' title='bbox 738 2967 769 3022; x_wconf 93' lang='lat' dir='ltr'>et</span> <span class='ocrx_word' id='word_1_224' title='bbox 786 2957 911 3021; x_wconf 87' lang='lat' dir='ltr'>ltaliam</span> <span class='ocrx_word' id='word_1_225' title='bbox 933 2966 964 3021; x_wconf 92' lang='lat' dir='ltr'>et</span> <span class='ocrx_word' id='word_1_226' title='bbox 985 2956 1070 3039; x_wconf 92' lang='lat' dir='ltr'>quod</span> <span class='ocrx_word' id='word_1_227' title='bbox 1092 2978 1145 3020; x_wconf 86' lang='lat' dir='ltr'>us·</span> 
     </span>
     <span class='ocr_line' id='line_1_30' title="bbox 121 3048 1145 3136; baseline 0 -24"><span class='ocrx_word' id='word_1_228' title='bbox 121 3070 216 3132; x_wconf 91' lang='lat' dir='ltr'>quam</span> <span class='ocrx_word' id='word_1_229' title='bbox 234 3048 348 3114; x_wconf 90' lang='lat' dir='ltr'>civium</span> <span class='ocrx_word' id='word_1_230' title='bbox 366 3050 589 3135; x_wconf 90' lang='lat' dir='ltr'>corripuerant,</span> <span class='ocrx_word' id='word_1_231' title='bbox 614 3050 843 3136; x_wconf 89' lang='lat' dir='ltr'>multorumque</span> <span class='ocrx_word' id='word_1_232' title='bbox 861 3050 959 3117; x_wconf 87' lang='lat' dir='ltr'>excisi</span> <span class='ocrx_word' id='word_1_233' title='bbox 976 3059 1075 3114; x_wconf 87' lang='lat' dir='ltr'>status</span> <span class='ocrx_word' id='word_1_234' title='bbox 1081 3073 1091 3127; x_wconf 91' lang='lat'>;</span> <span class='ocrx_word' id='word_1_235' title='bbox 1113 3057 1145 3112; x_wconf 90' lang='lat' dir='ltr'>et</span> 
     </span>
     <span class='ocr_line' id='line_1_31' title="bbox 121 3143 1145 3221; baseline -0.001 -15"><span class='ocrx_word' id='word_1_236' title='bbox 121 3152 220 3207; x_wconf 88' lang='lat' dir='ltr'>terror</span> <span class='ocrx_word' id='word_1_237' title='bbox 236 3143 380 3208; x_wconf 91' lang='lat' dir='ltr'>omnibus</span> <span class='ocrx_word' id='word_1_238' title='bbox 399 3143 623 3221; x_wconf 90' lang='lat' dir='ltr'>intentabatur,</span> <span class='ocrx_word' id='word_1_239' title='bbox 646 3145 680 3208; x_wconf 93' lang='lat' dir='ltr'>ni</span> <span class='ocrx_word' id='word_1_240' title='bbox 697 3144 843 3209; x_wconf 85' lang='lat' dir='ltr'>Tiberius</span> <span class='ocrx_word' id='word_1_241' title='bbox 862 3143 1026 3208; x_wconf 88' lang='lat' dir='ltr'>statuendo</span> <span class='ocrx_word' id='word_1_242' title='bbox 1043 3163 1145 3206; x_wconf 91' lang='lat' dir='ltr'>reme·</span> 
     </span>
     <span class='ocr_line' id='line_1_32' title="bbox 121 3235 1144 3322; baseline -0.003 -22"><span class='ocrx_word' id='word_1_243' title='bbox 121 3236 174 3300; x_wconf 93' lang='lat' dir='ltr'>dio</span> <span class='ocrx_word' id='word_1_244' title='bbox 192 3236 329 3319; x_wconf 89' lang='lat' dir='ltr'>quinque</span> <span class='ocrx_word' id='word_1_245' title='bbox 346 3237 570 3314; x_wconf 89' lang='lat' dir='ltr'>consularium,</span> <span class='ocrx_word' id='word_1_246' title='bbox 589 3239 727 3320; x_wconf 90' lang='lat' dir='ltr'>quinque</span> <span class='ocrx_word' id='word_1_247' title='bbox 745 3260 763 3301; x_wconf 92' lang='lat' dir='ltr'>e</span> <span class='ocrx_word' id='word_1_248' title='bbox 780 3237 956 3322; x_wconf 89' lang='lat' dir='ltr'>praetoriis,</span> <span class='ocrx_word' id='word_1_249' title='bbox 980 3235 1108 3299; x_wconf 90' lang='lat' dir='ltr'>totidem</span> <span class='ocrx_word' id='word_1_250' title='bbox 1126 3257 1144 3298; x_wconf 92' lang='lat' dir='ltr'>e</span> 
     </span>
     <span class='ocr_line' id='line_1_33' title="bbox 121 3327 1144 3416; baseline -0.003 -22"><span class='ocrx_word' id='word_1_251' title='bbox 121 3338 224 3394; x_wconf 90' lang='lat' dir='ltr'>cetero</span> <span class='ocrx_word' id='word_1_252' title='bbox 243 3340 353 3397; x_wconf 87' lang='lat' dir='ltr'>senatu</span> <span class='ocrx_word' id='word_1_253' title='bbox 371 3339 453 3395; x_wconf 91' lang='lat' dir='ltr'>sorte</span> <span class='ocrx_word' id='word_1_254' title='bbox 471 3332 626 3408; x_wconf 85' lang='lat' dir='ltr'>duxisset,</span> <span class='ocrx_word' id='word_1_255' title='bbox 650 3331 735 3416; x_wconf 91' lang='lat' dir='ltr'>apud</span> <span class='ocrx_word' id='word_1_256' title='bbox 756 3353 835 3413; x_wconf 91' lang='lat' dir='ltr'>quos</span> <span class='ocrx_word' id='word_1_257' title='bbox 854 3328 988 3394; x_wconf 82' lang='lat' dir='ltr'>exsoluti</span> <span class='ocrx_word' id='word_1_258' title='bbox 1004 3327 1144 3413; x_wconf 88' lang='lat' dir='ltr'>plerique</span> 
     </span>
     <span class='ocr_line' id='line_1_34' title="bbox 119 3422 1049 3510; baseline -0.003 -23"><span class='ocrx_word' id='word_1_259' title='bbox 119 3423 200 3509; x_wconf 86' lang='lat' dir='ltr'>legis</span> <span class='ocrx_word' id='word_1_260' title='bbox 218 3446 318 3489; x_wconf 84' lang='lat' dir='ltr'>nexus</span> <span class='ocrx_word' id='word_1_261' title='bbox 336 3425 493 3489; x_wconf 91' lang='lat' dir='ltr'>modicum</span> <span class='ocrx_word' id='word_1_262' title='bbox 510 3426 543 3490; x_wconf 93' lang='lat' dir='ltr'>in</span> <span class='ocrx_word' id='word_1_263' title='bbox 560 3447 708 3510; x_wconf 88' lang='lat' dir='ltr'>praesens</span> <span class='ocrx_word' id='word_1_264' title='bbox 726 3425 935 3488; x_wconf 88' lang='lat' dir='ltr'>levamentum</span> <span class='ocrx_word' id='word_1_265' title='bbox 953 3422 1049 3485; x_wconf 84' lang='lat' dir='ltr'>fuere.</span> 
     </span>
    </p>

    <p class='ocr_par' dir='ltr' id='par_1_3' title="bbox 119 3514 1194 3792">
     <span class='ocr_line' id='line_1_35' title="bbox 184 3514 1194 3604; baseline 0 -22"><span class='ocrx_word' id='word_1_266' title='bbox 184 3516 248 3582; x_wconf 89' lang='lat' dir='ltr'>Per</span> <span class='ocrx_word' id='word_1_267' title='bbox 268 3519 352 3583; x_wconf 93' lang='lat' dir='ltr'>idem</span> <span class='ocrx_word' id='word_1_268' title='bbox 374 3528 497 3604; x_wconf 91' lang='lat' dir='ltr'>tempus</span> <span class='ocrx_word' id='word_1_269' title='bbox 518 3519 675 3584; x_wconf 90' lang='lat' dir='ltr'>Neronem</span> <span class='ocrx_word' id='word_1_270' title='bbox 698 3541 715 3582; x_wconf 93' lang='lat' dir='ltr'>e</span> <span class='ocrx_word' id='word_1_271' title='bbox 737 3517 842 3583; x_wconf 90' lang='lat' dir='ltr'>liberis</span> <span class='ocrx_word' id='word_1_272' title='bbox 866 3514 1059 3590; x_wconf 87' lang='lat' dir='ltr'>Germanici,</span> <span class='ocrx_word' id='word_1_273' title='bbox 1080 3514 1144 3578; x_wconf 91' lang='lat' dir='ltr'>iam</span> <span class='ocrx_word' id='word_1_274' title='bbox 1163 3534 1194 3582; x_wconf 81' lang='lat'>29</span> 
     </span>
     <span class='ocr_line' id='line_1_36' title="bbox 119 3610 1144 3698; baseline -0.004 -22"><span class='ocrx_word' id='word_1_275' title='bbox 119 3613 297 3698; x_wconf 87' lang='lat' dir='ltr'>ingressum</span> <span class='ocrx_word' id='word_1_276' title='bbox 310 3612 479 3688; x_wconf 86' lang='lat' dir='ltr'>iuventam,</span> <span class='ocrx_word' id='word_1_277' title='bbox 498 3612 726 3680; x_wconf 85' lang='lat' dir='ltr'>commendavit</span> <span class='ocrx_word' id='word_1_278' title='bbox 738 3610 889 3696; x_wconf 87' lang='lat' dir='ltr'>patribus,</span> <span class='ocrx_word' id='word_1_279' title='bbox 908 3619 1004 3692; x_wconf 90' lang='lat' dir='ltr'>utque</span> <span class='ocrx_word' id='word_1_280' title='bbox 1016 3629 1144 3672; x_wconf 88' lang='lat' dir='ltr'>munere</span> 
     </span>
     <span class='ocr_line' id='line_1_37' title="bbox 121 3703 1145 3792; baseline -0.007 -21"><span class='ocrx_word' id='word_1_281' title='bbox 121 3705 306 3791; x_wconf 82' lang='lat' dir='ltr'>capessendi</span> <span class='ocrx_word' id='word_1_282' title='bbox 327 3707 556 3792; x_wconf 82' lang='lat' dir='ltr'>vigintiviratus</span> <span class='ocrx_word' id='word_1_283' title='bbox 573 3706 747 3771; x_wconf 88' lang='lat' dir='ltr'>solveretur</span> <span class='ocrx_word' id='word_1_284' title='bbox 764 3716 795 3769; x_wconf 91' lang='lat' dir='ltr'>ct</span> <span class='ocrx_word' id='word_1_285' title='bbox 811 3703 1022 3788; x_wconf 92' lang='lat' dir='ltr'>quinquennio</span> <span class='ocrx_word' id='word_1_286' title='bbox 1044 3710 1145 3765; x_wconf 88' lang='lat' dir='ltr'>matu-</span> 
     </span>
    </p>
   </div>
   <div class='ocr_carea' id='block_1_3' title="bbox 119 3794 1146 4205">
    <p class='ocr_par' dir='ltr' id='par_1_4' title="bbox 119 3794 1146 4205">
     <span class='ocr_line' id='line_1_38' title="bbox 120 3794 1145 3885; baseline -0.006 -21"><span class='ocrx_word' id='word_1_287' title='bbox 120 3800 185 3864; x_wconf 91' lang='lat' dir='ltr'>rius</span> <span class='ocrx_word' id='word_1_288' title='bbox 204 3822 299 3882; x_wconf 86' lang='lat' dir='ltr'>quam</span> <span class='ocrx_word' id='word_1_289' title='bbox 320 3822 377 3885; x_wconf 90' lang='lat' dir='ltr'>per</span> <span class='ocrx_word' id='word_1_290' title='bbox 393 3801 480 3885; x_wconf 84' lang='lat' dir='ltr'>leges</span> <span class='ocrx_word' id='word_1_291' title='bbox 503 3809 702 3883; x_wconf 89' lang='lat' dir='ltr'>quaesturam</span> <span class='ocrx_word' id='word_1_292' title='bbox 722 3808 854 3885; x_wconf 87' lang='lat' dir='ltr'>peteret,</span> <span class='ocrx_word' id='word_1_293' title='bbox 878 3820 941 3861; x_wconf 93' lang='lat' dir='ltr'>non</span> <span class='ocrx_word' id='word_1_294' title='bbox 963 3796 1029 3860; x_wconf 89' lang='lat' dir='ltr'>sine</span> <span class='ocrx_word' id='word_1_295' title='bbox 1046 3794 1145 3859; x_wconf 89' lang='lat' dir='ltr'>inrisu</span> 
     </span>
     <span class='ocr_line' id='line_1_39' title="bbox 119 3890 1145 3979; baseline -0.004 -23"><span class='ocrx_word' id='word_1_296' title='bbox 119 3893 313 3958; x_wconf 88' lang='lat' dir='ltr'>audientium</span> <span class='ocrx_word' id='word_1_297' title='bbox 334 3894 517 3979; x_wconf 85' lang='lat' dir='ltr'>postulavit3</span> <span class='ocrx_word' id='word_1_298' title='bbox 540 3893 767 3979; x_wconf 88' lang='lat' dir='ltr'>praetendebat</span> <span class='ocrx_word' id='word_1_299' title='bbox 784 3893 844 3957; x_wconf 90' lang='lat' dir='ltr'>sibi</span> <span class='ocrx_word' id='word_1_300' title='bbox 866 3901 959 3975; x_wconf 90' lang='lat' dir='ltr'>atque</span> <span class='ocrx_word' id='word_1_301' title='bbox 980 3890 1069 3954; x_wconf 89' lang='lat' dir='ltr'>fratri</span> <span class='ocrx_word' id='word_1_302' title='bbox 1091 3890 1145 3953; x_wconf 89' lang='lat' dir='ltr'>dc-</span> 
     </span>
     <span class='ocr_line' id='line_1_40' title="bbox 119 3982 1146 4073; baseline -0.004 -22"><span class='ocrx_word' id='word_1_303' title='bbox 119 3998 207 4051; x_wconf 91' lang='lat' dir='ltr'>creta</span> <span class='ocrx_word' id='word_1_304' title='bbox 223 3987 333 4052; x_wconf 88' lang='lat' dir='ltr'>eadem</span> <span class='ocrx_word' id='word_1_305' title='bbox 345 3997 470 4072; x_wconf 89' lang='lat' dir='ltr'>petente</span> <span class='ocrx_word' id='word_1_306' title='bbox 484 3987 641 4073; x_wconf 82' lang='lat' dir='ltr'>Augusto.</span> <span class='ocrx_word' id='word_1_307' title='bbox 666 3987 722 4051; x_wconf 92' lang='lat' dir='ltr'>sed</span> <span class='ocrx_word' id='word_1_308' title='bbox 739 4009 840 4070; x_wconf 89' lang='lat' dir='ltr'>neque</span> <span class='ocrx_word' id='word_1_309' title='bbox 853 3996 920 4050; x_wconf 95' lang='lat' dir='ltr'>tum</span> <span class='ocrx_word' id='word_1_310' title='bbox 938 3984 1037 4050; x_wconf 84' lang='lat' dir='ltr'>fuisse</span> <span class='ocrx_word' id='word_1_311' title='bbox 1055 3982 1146 4048; x_wconf 92' lang='lat' dir='ltr'>dubi-</span> 
     </span>
     <span class='ocr_line' id='line_1_41' title="bbox 121 4075 1144 4205; baseline -0.004 -58"><span class='ocrx_word' id='word_1_312' title='bbox 121 4075 324 4205; x_wconf 52' lang='lat' dir='ltr'>taveriw</span> <span class='ocrx_word' id='word_1_313' title='bbox 342 4082 494 4152; x_wconf 89' lang='lat' dir='ltr'>eiusmodi</span> <span class='ocrx_word' id='word_1_314' title='bbox 511 4104 620 4168; x_wconf 90' lang='lat' dir='ltr'>preces</span> <span class='ocrx_word' id='word_1_315' title='bbox 643 4080 756 4148; x_wconf 91' lang='lat' dir='ltr'>occulti</span> <span class='ocrx_word' id='word_1_316' title='bbox 772 4079 962 4146; x_wconf 83' lang='lat' dir='ltr'>inluderent=</span> <span class='ocrx_word' id='word_1_317' title='bbox 985 4101 1022 4144; x_wconf 89' lang='lat' dir='ltr'>ao</span> <span class='ocrx_word' id='word_1_318' title='bbox 1040 4087 1144 4144; x_wconf 88' lang='lat' dir='ltr'>tamen</span> 
     </span>
    </p>
   </div>
   <div class='ocr_carea' id='block_1_4' title="bbox 0 0 1389 4874">
    <p class='ocr_par' dir='ltr' id='par_1_5' title="bbox 0 0 1389 4874">
     <span class='ocr_line' id='line_1_42' title="bbox 0 0 1389 4874; baseline 0 0"><span class='ocrx_word' id='word_1_319' title='bbox 0 0 1389 4874; x_wconf 95' lang='lat' dir='ltr'> </span> 
     </span>
    </p>
   </div>
  </div>
 </body>
</html>
