2760 4874
239 392 302 457 298
423 434 434 445 ·
588 398 770 458 CORNELII
783 397 916 454 TAOITI

1157 498 1178 528 ι.
1188 500 1211 529 u.
1221 491 1268 530 aa.

239 561 395 627 Graecam
413 559 522 624 urbem
541 559 670 644 delegit:
697 558 769 622 inde
786 558 909 622 initium
926 556 1008 634 fore,
1037 567 1073 620 ut
1090 565 1270 643 transgres-

238 679 292 721 sus
305 657 344 719 in
362 654 517 719 Achaiam
540 653 742 738 insignesque
761 662 791 716 et
810 651 980 734 antiquitus
1003 672 1110 716 sacras
1134 673 1269 719 coronas

238 752 369 834 adeptus
396 749 513 812 maiore
539 747 624 810 fama
649 747 755 810 studia
780 747 896 810 civium
922 743 1056 809 eliceret.
1088 767 1166 831 ergo
1194 767 1269 809 con-

238 854 371 909 tractum
389 842 615 927 oppidanorum
632 840 760 926 volgus,
778 853 816 903 ct
833 861 912 923 quos
931 861 948 904 e
965 838 1117 924 proximis
1135 839 1268 904 coloniis

147 940 151 947 ’
237 950 268 1004 et
290 938 467 1021 municipiis
491 937 558 999 eius
580 935 626 1000 rei
652 934 737 998 fama
759 934 926 1012 acciverat,
954 934 1070 1018 quique
1093 932 1268 998 Caesarem

237 1052 293 1117 per
306 1032 456 1095 honorem
470 1040 523 1094 aut
537 1029 639 1093 varios
654 1051 731 1093 usus
750 1037 917 1105 sectantur,
936 1028 1036 1097 etiam
1047 1027 1184 1092 militum
1201 1051 1269 1091 ma·

237 1126 345 1210 nipuli,
366 1124 520 1188 theatrum
538 1123 813 1207 Neapolitanorum
831 1123 997 1207 complent.

186 1242 220 1288 at
301 1219 384 1296 Illic,
408 1218 547 1306 plerique
570 1227 604 1280 ut
621 1216 863 1293 arbitrabantur,
886 1216 987 1293 triste,
1006 1225 1041 1280 ut
1057 1215 1142 1300 ipse,
1161 1215 1268 1300 provi-

237 1315 313 1377 dum
335 1312 439 1397 potius
462 1321 493 1375 et
516 1310 660 1375 secundis
683 1309 863 1375 numinibus
887 1309 1005 1374 evenit:
1032 1332 1107 1373 nam
1134 1330 1267 1394 egresso

238 1407 292 1491 qui
311 1407 443 1471 affuerat
459 1405 577 1491 populo
594 1427 729 1469 vacuum
751 1413 783 1468 et
801 1404 868 1469 sine
889 1403 984 1468 ullius
1007 1426 1090 1468 noxa
1108 1402 1267 1467 theatrum

151 1521 172 1555 δι’
236 1501 410 1585 collapsum
428 1508 485 1563 est.
505 1521 580 1584 ergo
598 1521 654 1583 per
672 1498 850 1584 conpositos
865 1507 976 1562 cantus
988 1506 1094 1583 grates
1108 1496 1158 1560 dis
1173 1505 1268 1578 atque

236 1595 339 1678 ipsam
348 1593 481 1657 recentis
492 1614 583 1656 casus
594 1594 751 1656 fortunam
765 1592 927 1658 celebrans
939 1593 1157 1677 petiturusque
1171 1591 1267 1655 maris

237 1686 377 1751 Hadriae
395 1685 542 1749 traiectus
560 1685 644 1768 apud
658 1685 876 1750 Beneventum
892 1685 1016 1752 interim
1029 1684 1189 1762 'consedit
1213 1683 1268 1749 ubi

238 1780 457 1866 gladiatorium
475 1801 588 1842 munus
607 1802 627 1843 a
643 1778 771 1844 Vatinio
789 1778 910 1844 celebre
928 1778 1095 1844 edebatur:
1116 1777 1268 1844 Vatinius

237 1875 318 1938 inter
336 1872 519 1938 foedissima
537 1874 603 1942 cius
622 1874 712 1938 aulae
730 1884 852 1939 ostenta
869 1874 943 1950 fuit,
963 1875 1106 1938 sutrinae>
1118 1872 1268 1938 tabernae

240 1969 395 2045 alumnus,
412 1989 541 2053 corpore
551 1968 680 2045 detorto,
699 1967 820 2033 facetiis
831 1968 1027 2045 semrilibua,
1038 1967 1269 2052 primolincon-

238 2061 383 2128 tumelias
402 2072 598 2148 assumptus;
621 2062 734 2126 dehinc
752 2063 863 2148 optimi
878 2062 1030 2145 cuiusque
1049 2061 1267 2126 criminatione

238 2180 275 2222 co
293 2179 393 2240 usque
412 2156 510 2220 valuit
527 2165 562 2220 ut
579 2156 692 2242 gratia,
715 2157 863 2241 pecunia,
886 2157 918 2220 vi
935 2155 1069 2220 nocendi
1086 2155 1182 2220 etiam
1200 2179 1268 2221 ma·

188 2269 219 2318 35
238 2251 284 2317 los
303 2251 523 2336 praemineret:
543 2252 610 2316 eius
629 2274 743 2314 munus
765 2251 975 2334 frequentanti
992 2249 1110 2314 Neroni
1127 2272 1168 2314 ne
1186 2251 1269 2314 inter

238 2346 414 2430 voluptates
432 2345 559 2428 quidem
577 2368 596 2408 a
619 2344 788 2410 sceleribus
806 2344 1001 2421 cessabatur3
1024 2343 1125 2408 isdem
1149 2344 1267 2429 quippe

238 2440 299 2503 illis
323 2439 433 2503 diebus
453 2439 631 2522 Torquatus
651 2437 778 2503 Silanus
801 2439 880 2502 mori
901 2439 1051 2524 adigitur,
1078 2437 1154 2520 quia
1172 2460 1268 2522 super

238 2534 347 2598 Iuniae
365 2533 502 2597 familiae
521 2533 735 2597 claritudinem
754 2534 860 2597 divum
868 2532 1052 2618 Augustum
1066 2534 1203 2596 abavum
1221 2532 1268 2596 fe-

239 2629 335 2693 rebat.
372 2628 450 2693 iussi
477 2636 673 2693 accusatores
697 2627 820 2693 obicere
842 2628 1008 2713 prodigum
1034 2626 1265 2710 largitionibus,

238 2731 339 2804 neque
363 2722 456 2785 aliam
480 2745 568 2806 spem
591 2744 685 2804 quam
707 2723 740 2786 in
761 2722 855 2786 rebus
878 2721 967 2785 novis
977 2742 1058 2798 esse,
1068 2723 1116 2785 cui
1125 2722 1270 2785 innoaioc

240 2813 328 2889 oiles3
348 2814 463 2877 habere
481 2836 560 2897 quos
580 2815 619 2879 ab
634 2816 774 2899 epistulis
793 2825 824 2880 et
841 2815 953 2880 libellis
972 2824 1003 2879 et
1019 2813 1193 2878 rationibus
1212 2835 1267 2897 ap-

239 2907 342 2990 pellet,
363 2908 489 2970 nomina
504 2930 644 2971 summae
655 2931 747 2973 curae
762 2919 793 2973 et
805 2911 1036 2974 meditamenta.
1053 2916 1123 2971 tum
1136 2909 1265 2972 intimus

239 3000 371 3083 quisque
389 2999 571 3065 libertorum
588 3002 683 3065 vincti
702 3002 893 3088 abreptique,
913 3014 944 3068 et
960 3025 1033 3068 curn
1046 3001 1206 3067 damnatio
1218 3003 1266 3066 in-

239 3104 344 3171 staret,
365 3094 564 3159 brachiorum
582 3117 679 3160 venas
698 3096 877 3180 Torquatus
895 3098 1077 3162 interscidit.
1096 3106 1266 3180 secutaque

238 3188 372 3253 Neronis
391 3189 493 3253 oratio
507 3211 546 3253 ex
559 3213 662 3267 more,
674 3193 817 3274 quamvis
833 3202 954 3257 sontem
968 3202 999 3256 et
1012 3191 1189 3257 defensioni
1202 3213 1267 3254 me-

239 3284 298 3347 rito
316 3283 454 3347 diffisum
473 3284 627 3348 victurum
645 3294 749 3350 tamen
766 3284 874 3363 fuisse,
894 3286 1137 3351 sinclementiam
1155 3284 1266 3349 iudicis

240 3388 445 3463 expectasset.
1027 3440 1030 3448 ,

190 3494 221 3541 36
303 3472 370 3536 Nec
387 3472 486 3537 multo
504 3482 585 3557 post,
605 3473 721 3538 omissa
738 3475 771 3537 in
788 3496 937 3559 praesens
951 3473 1075 3537 Achaia
1092 3511 1134 3519 -
1154 3494 1268 3536 causae

239 3568 271 3630 in
280 3567 397 3630 incerto
407 3567 656 3632 fuere—urbem
665 3569 963 3653 revisitprovincias
970 3565 1121 3644 Orientis,
1131 3567 1268 3631 maxime

240 3659 435 3745 Aegyptum,
455 3662 581 3725 secretis
595 3661 871 3746 imaginationibus
886 3662 1018 3747 agitans.
1037 3661 1153 3725 dehine
1167 3661 1268 3726 edicto

241 3755 424 3819 testificatus
442 3778 505 3818 non
522 3756 649 3841 longam
668 3756 716 3819 sui
735 3756 909 3820 absentiam
928 3765 959 3820 et
977 3763 1091 3819 cuncta
1108 3755 1142 3819 in
1159 3777 1194 3818 re
1211 3778 1269 3840 pu-

241 3849 323 3915 blica
344 3850 472 3935 perinde
494 3850 624 3914 immota
645 3873 681 3914 ac
703 3872 853 3936 prospera
874 3849 956 3927 fore,
984 3871 1079 3935 super
1105 3871 1144 3914 ea
1165 3850 1269 3935 profe-

242 3945 343 4007 ctione
362 3944 438 4008 adiit
457 3942 647 4029 Capitolium
653 3970 667 4022 ;,
684 3945 748 4008 illic
764 3953 929 4009 veneratus
948 3944 1034 4020 deos,
1058 3966 1131 4007 eum
1148 3942 1268 4008 Vestae

242 4060 367 4120 quoque
393 4038 544 4123 templum
567 4039 696 4116 inisset,
716 4048 843 4125 repente
866 4047 995 4103 cunctos
1018 4059 1076 4122 per
1097 4046 1185 4110 artus
1208 4046 1268 4105 tre-

237 4138 345 4207 mens,
366 4154 422 4195 seu
439 4133 566 4197 numine
586 4142 768 4211 exterrente,
788 4156 845 4200 seu
862 4132 1035 4198 facinorum
1052 4128 1266 4199 recordatione
