2760 4874
398 362 896 419 Avunnruume.1v.3e-3a
937 323 943 415 ¹,
1097 353 1158 417 133
1232 396 1240 429 .,-

136 469 158 506 p.
169 457 209 497 Ch.
220 458 251 496 25.

137 526 164 589 si
180 516 284 587 locum
306 522 477 607 principem
499 520 659 605 impleam,
679 530 714 584 et
736 543 792 585 vos
811 529 908 585 testor
929 531 959 584 et
981 522 1159 588 meminisse

136 626 280 702 posteros
296 615 367 679 volo
373 640 381 692 3
400 615 454 696 qui
473 613 547 679 satis
563 635 718 698 superque
731 615 898 681 memoriae
912 637 999 679 meae
1013 615 1158 693 tribuent,

136 720 171 774 ut
191 708 360 774 maioribus
384 708 462 772 meis
488 709 632 792 dignum,
658 730 763 772 rerum
789 718 961 772 vestrarum
983 711 1158 794 providum,

86 822 87 825 ’
136 813 329 870 constantem
346 803 379 865 in
396 802 556 887 perieulis,
579 802 786 867 offensionum
808 825 864 888 pro
881 803 1013 875 utilitate
1034 804 1160 889 publica

136 922 199 964 non
215 898 364 983 pavidum
377 897 518 960 credant:
541 896 618 961 haec
635 897 712 961 mihi
729 897 762 960 in
780 897 891 962 animis
904 899 1017 962 vestris
1035 898 1159 983 templa,

137 993 195 1063 hee
221 989 447 1076 pulcherrimae
474 989 596 1075 effigies
619 995 650 1054 et
671 1013 851 1068 mensuram
877 1014 951 1056 nam
977 1014 1057 1074 quae
1084 1016 1160 1056 saxo

137 1094 306 1161 struuntur,
326 1084 353 1148 si
370 1084 520 1147 iudicium
532 1093 728 1167 posterorum
744 1085 778 1148 in
796 1085 901 1149 odium
920 1087 1019 1163 vertit,
1037 1108 1095 1171 pro
1113 1110 1161 1150 se-

136 1178 252 1264 pulcris
280 1187 476 1262 spernuntur.
508 1178 638 1262 proinde
664 1178 782 1255 socioso,
808 1178 893 1243 cives
920 1189 951 1243 et
977 1180 1052 1244 deos
1075 1181 1160 1265 ipsos

135 1296 258 1358 precor,
281 1273 353 1348 hos,
375 1281 410 1335 ut
428 1272 562 1336 mihitad
584 1272 678 1336 finem
695 1295 795 1356 usque
812 1273 895 1337 vitae
912 1274 1049 1356 quietam
1067 1286 1098 1339 et
1114 1276 1162 1339 in·

136 1367 335 1452 tellegentem
357 1364 485 1429 humani
511 1366 670 1448 divinique
691 1367 767 1432 iuris
793 1377 930 1431 mentem
952 1368 1053 1445 duint,
1080 1368 1160 1445 illos,

136 1470 180 1536 ut,
200 1460 387 1543 quandoque
406 1474 600 1536 concessero,
620 1482 691 1524 cum
708 1460 850 1525 laudae:
866 1460 956 1525 bonis
974 1462 1162 1526 recordatio-

136 1553 228 1618 nibus
247 1553 330 1618 faota
348 1564 442 1636 atquc
459 1553 577 1623 sarnam
594 1547 729 1618 nominis
746 1554 809 1618 mei
825 1560 1083 1639 prosequantur.“

97 1717 100 1721 ,
199 1646 401 1730 Perstititque
423 1647 555 1732 posthac
577 1648 704 1712 secretis
727 1649 820 1712 etiam
843 1648 1038 1714 sermonibus
1056 1671 1162 1734 asper·
1209 1699 1212 1704 -

136 1742 204 1806 nari
221 1741 315 1805 talem
334 1742 383 1806 sui
406 1741 538 1819 cultum,
562 1742 647 1825 quod
665 1741 718 1806 alii
738 1743 939 1820 modestiam,
961 1743 1065 1819 multi,
1077 1743 1162 1827 quia

136 1835 304 1912 diffideret,
337 1835 465 1918 quidam
492 1845 526 1898 ut
551 1836 715 1921 degeneris
742 1836 837 1901 animi
866 1836 1160 1925 interpretabantur:

136 1942 279 2017 optumos
298 1931 415 2016 quippe
428 1930 605 1995 mortalium
619 1930 771 2008 altissima
784 1953 911 2015 cupere3
932 1931 976 1995 sic
990 1929 1160 1995 Herculem

137 2036 167 2090 et
185 2025 337 2090 Liberum
355 2025 440 2108 apud
458 2021 608 2100 Graecos,
629 2023 796 2106 Quirinum
814 2025 898 2108 apud
915 2046 973 2088 nos
992 2025 1086 2088 deum
1103 2048 1161 2087 nu-

136 2142 222 2184 mero
245 2119 366 2183 additos
373 2145 381 2196 ;
408 2118 520 2183 melius
542 2117 741 2205 Augustum,
767 2119 821 2201 qui
847 2119 1031 2203 speraverit:
1059 2127 1161 2182 cetera

136 2212 327 2299 principibus
345 2213 451 2277 statim
474 2213 599 2278 adesse:
622 2235 720 2275 unum
740 2211 956 2276 insatiabiliter
976 2210 1160 2296 parandum,

136 2329 318 2392 prosperam
332 2307 381 2373 sui
393 2307 574 2370 memoriam
579 2331 588 2387 3
607 2329 680 2371 nam
694 2314 873 2389 contemptu
886 2305 989 2369 famae
1007 2305 1163 2369 contemni
1190 2356 1192 2361 .

138 2401 277 2465 virtutes.
325 2468 328 2473 ,

200 2493 248 2558 At
266 2492 400 2560 Seianus
427 2495 522 2562 nimia
544 2495 668 2559 fortuna
691 2517 796 2563 socors
818 2502 850 2559 et
870 2494 1014 2559 muliebri
1035 2493 1163 2577 insuper
1181 2514 1212 2561 39

138 2589 282 2674 cupidine
299 2581 455 2665 incensus,
474 2589 663 2673 promissum
681 2589 912 2654 matrimonium
929 2588 1088 2673 flagitante
1105 2587 1164 2651 Li-

138 2683 203 2759 via,
226 2682 384 2766 componit
402 2682 443 2745 ad
461 2680 632 2746 Caesarem
650 2682 823 2747 codicillos:
850 2682 945 2746 mon's
964 2682 1079 2766 quippe
1097 2690 1164 2744 tum

139 2785 204 2840 erat
222 2797 418 2859 quamquam,
430 2785 627 2860 praesentem
644 2776 758 2861 scripto
772 2777 856 2840 adire
862 2801 871 2854 3
890 2776 956 2840 eius
975 2776 1045 2841 talis
1063 2775 1165 2861 forma

139 2869 211 2934 suit:
234 2869 443 2941 benivolentia
464 2871 560 2954 patris
579 2871 719 2957 Augusti
737 2881 768 2936 et
789 2883 865 2936 mox'
886 2871 1028 2956 plurimis
1046 2870 1165 2935 Tiberii

138 2965 262 3029 iudiciis
278 2964 322 3028 ita
340 2964 527 3042 insuevisse,
555 2977 590 3028 ut
612 2988 684 3050 spes
711 2975 845 3049 votaque
864 2988 922 3030 sua
938 2988 1002 3030 non
1018 2964 1105 3049 prius
1124 2965 1165 3028 ad

140 3060 214 3123 deos
233 3080 328 3141 quam
346 3059 387 3122 ad
400 3059 684 3158 principumaures
703 3060 871 3137 conferret;
889 3082 991 3142 neque
1009 3056 1165 3143 fulgorem

139 3154 294 3216 honorum
306 3174 454 3235 umquam
467 3162 643 3238 precatum:
658 3153 806 3218 excubias
820 3175 857 3218 ac
870 3152 1003 3229 labores,
1019 3162 1054 3216 ut
1066 3174 1165 3242 unum

141 3269 158 3310 e
176 3246 339 3329 militibus,
358 3269 415 3331 pro
433 3247 644 3312 incolumitate
662 3247 856 3332 imperatoris
875 3244 966 3310 malle
972 3272 981 3323 3
1008 3269 1043 3309 ao
1060 3254 1165 3309 tamen

138 3341 224 3424 quod
245 3340 502 3425 pulcherrimum,
532 3343 692 3426 adeptum,
720 3350 755 3405 ut
778 3340 994 3409 coniunctione
1018 3337 1166 3402 Caesaris

141 3436 255 3522 dignus
274 3437 462 3502 crederetur:
480 3437 553 3501 hinc
570 3436 692 3500 initium
701 3437 786 3520 spei:
805 3444 837 3499 et
854 3435 1001 3519 quoniam
1013 3433 1166 3498 audiverit

35 3533 48 3551 '
141 3528 324 3615 Augustum
341 3531 374 3593 in
391 3530 582 3596 conlocanda
599 3531 663 3599 filia
680 3529 822 3594 nonnihil
840 3529 934 3599 etiam
951 3528 991 3592 de
1009 3526 1165 3611 equitibus

141 3623 292 3688 Romanis
311 3624 546 3700 consultavisse,
566 3624 618 3701 ita,
638 3625 665 3691 si
682 3625 815 3688 maritus
826 3623 939 3687 Liviae
957 3632 1164 3705 quaereretur,

142 3716 270 3782 haberet
290 3718 324 3795 in
346 3719 449 3783 animo
472 3718 607 3782 amicum
626 3717 693 3782 sola
709 3716 948 3782 necessitudinis
971 3715 1071 3802 gloria
1091 3736 1167 3779 usu·

141 3835 225 3889 rum:
252 3835 316 3876 non
342 3813 425 3876 enim
452 3834 565 3876 exuere
590 3811 725 3896 inposita
751 3811 871 3875 munia:
899 3809 974 3874 satis
1002 3808 1166 3873 aestimare

142 3905 258 3970 firmari
276 3907 403 3973 domum
421 3906 587 3970 adversum
609 3905 731 3988 iniquas
748 3904 944 3990 Agrippinae
966 3902 1165 3979 offensiones,

142 3999 236 4089 idque
257 4000 425 4069 liberorum
444 4023 552 4077 causa3
575 4023 648 4065 nam
671 3999 730 4064 sibi
753 4000 1062 4084 multumsuperque
1084 3997 1166 4061 vitae
1263 4024 1265 4028 ·

143 4092 212 4162 fore
228 4095 313 4178 quod
330 4095 383 4159 tali
402 4117 474 4159 cum
491 4094 629 4179 principe
648 4092 845 4178 explevisset.
