2760 4874
400 375 609 440 ANNALIUM
625 377 700 435 LIB.
714 379 765 433 xl.
784 379 903 434 16-20.
1103 366 1165 432 189

141 483 162 521 p.
173 470 213 510 ca.
224 471 256 510 ιι.

200 537 263 601 Per
280 535 364 601 idem
386 545 509 620 tempus
529 534 665 612 Chauci,
687 536 773 600 nulla
795 536 989 602 dissensione
1011 534 1111 615 domi,
1129 548 1165 611 et
1186 558 1215 605 18

140 642 238 697 morte
254 629 419 713 Sanquinii
432 629 559 707 alacres,
574 629 650 693 dum
665 629 804 695 Corbulo
817 631 973 710 adventat,
987 632 1165 697 inferiorem

141 723 344 791 Germaniam
361 724 558 787 incursavere
576 725 655 787 duce
670 721 856 803 Gannasco,
866 724 921 808 qui
937 720 1063 807 natione
1081 725 1166 790 Can-

139 817 277 894 ninefas,
295 817 453 881 auxiliaris
471 829 502 881 et
519 817 571 880 diu
590 817 732 895 meritas,
754 827 827 903 post
844 818 1020 904 transfuga,
1043 819 1165 885 levibus

139 912 274 998 navigiis
296 910 539 996 praedabundus
559 909 723 976 Gallorum
744 912 880 977 maxime
903 936 990 978 oram
1011 913 1164 990 vastabat,

139 1025 203 1071 non
220 1006 348 1091 ignams
366 1004 446 1068 dites
465 1014 496 1069 et
512 1004 644 1069 inbelles
663 1027 742 1070 esse.
766 1014 798 1070 at
817 1004 956 1070 Corbulo
973 1007 1165 1091 provinciam

139 1100 311 1185 ingressus,
330 1120 534 1184 magnacum
553 1111 627 1166 cura
645 1108 675 1163 et
692 1121 766 1164 mox
784 1100 892 1186 gloria,
912 1100 963 1164 cui
978 1101 1166 1186 principium
1200 1132 1202 1135 ·

139 1193 194 1258 illa
210 1193 320 1258 militia
336 1193 410 1269 fuit,
429 1192 570 1259 triremes
588 1192 677 1268 alveo
695 1193 811 1271 Rheni,
835 1202 953 1273 ceteras
971 1195 1113 1271 navium,
1130 1203 1166 1257 ιιι

139 1295 283 1371 quaeque
299 1286 435 1363 habiles,
454 1309 510 1371 per
527 1287 682 1352 aestuaria
699 1297 730 1352 et
747 1288 851 1372 fossas
869 1287 989 1374 adegit3
1007 1288 1166 1354 lintribus-

139 1405 202 1467 que
214 1382 352 1446 hostinm
365 1381 522 1466 depressis
537 1390 568 1446 et
581 1382 744 1447 exturbato
759 1381 937 1462 Gannasco,
951 1383 1006 1448 uhi
1018 1406 1166 1468 praesen·

140 1479 185 1540 tia
202 1477 278 1541 satis
296 1476 469 1560 composita
486 1485 573 1553 suut,
591 1476 731 1563 legiones
750 1500 879 1563 operum
897 1488 928 1543 et
944 1477 1059 1546 laboris
1077 1477 1166 1564 igna-

139 1593 211 1649 vas,
230 1570 484 1655 populationibus
502 1568 819 1648 laetantes,sveterem
837 1572 1165 1652 aemoremeduxit,

140 1759 299 1836 stationes,
318 1759 453 1844 vigiliae,
472 1759 583 1824 dimna
596 1769 809 1844 nocturnaque
826 1760 933 1826 munia
944 1761 978 1826 in
991 1761 1085 1826 armis
1099 1761 1166 1847 agi·

139 1852 299 1929 tabantur,
321 1851 488 1936 feruntque
509 1853 653 1931 militem,
676 1854 751 1937 quia
772 1854 890 1920 vallum
910 1877 975 1919 non
996 1854 1164 1931 accinctus,

139 1957 234 2029 atque
247 1946 352 2022 alium,
371 1946 445 2029 quia
456 1946 595 2032 pugione
609 1955 729 2010 tautum
742 1947 899 2030 accinctus
917 1947 1047 2024 foderet,
1066 1958 1165 2012 morte

138 2043 276 2128 punitos.
304 2064 384 2126 quae
402 2041 499 2106 nimia
519 2050 550 2106 et
567 2042 719 2106 incertum
737 2065 778 2105 an
795 2042 876 2106 falso
894 2041 989 2119 iacta,
1012 2041 1166 2150 originem

139 2147 246 2200 tamen
263 2157 280 2199 e
298 2136 462 2200 severitate
485 2135 574 2200 ducis
596 2145 732 2212 traxere,
755 2135 788 2199 in
789 2144 971 2243 tentumque
989 2144 1021 2200 et
1041 2135 1164 2220 magnis

139 2229 261 2293 delictis
275 2229 499 2294 inexorabilem
513 2229 604 2306 scias,
619 2229 670 2293 cui
684 2238 750 2293 tant
751 2251 804 2334 um
818 2229 920 2314 asperi
922 2229 993 2293 tatis
1008 2229 1166 2294 etiamad·

139 2345 250 2388 versus
268 2322 351 2388 levia
368 2323 514 2388 credebat
502 2332 561 2388 tur.
685 2380 688 2384 .

206 2414 265 2480 Cet
254 2426 354 2481 terum
367 2417 394 2482 is
408 2427 507 2482 terror
518 2416 632 2482 milites
646 2416 837 2500 hostesque
828 2441 860 2481 ιιι
874 2417 1032 2482 diversum
1045 2415 1163 2481 affecit:
1184 2437 1214 2484 ra
1321 2445 1327 2458 ¹

138 2532 198 2575 nos
216 2510 362 2574 virtutem
376 2511 531 2588 auximus,
550 2510 674 2578 barbari
687 2511 836 2576 ferociam
848 2511 1068 2597 infregere&
1026 2519 1068 2575 -te
1080 2511 1164 2577 natio

138 2603 313 2669 Frisiorum
329 2614 401 2690 post
417 2604 619 2669 rebellionem
641 2592 729 2668 clade
746 2605 788 2668 L
806 2603 940 2689 Apronii
958 2613 1100 2689 coeptam
1117 2605 1165 2668 in·

138 2698 230 2762 fensa
247 2707 302 2762 aut
289 2698 405 2762 tmale
427 2699 504 2776 lida,
526 2698 608 2763 datis
627 2687 789 2764 obsidibus
808 2698 949 2763 consedit
970 2699 1060 2783 apud
1071 2720 1164 2784 agros

138 2815 159 2856 a
174 2789 352 2857 Corbulone
369 2793 557 2879 descriptos3
576 2793 661 2857 idem
674 2801 828 2870 senatum,
846 2793 1059 2879 magistratus,
1077 2792 1164 2902 leges

138 2886 286 2971 inposuit,
305 2908 343 2951 ac
356 2909 395 2951 ne
408 2887 496 2952 iussa
508 2897 667 2964 exuerent,
686 2887 898 2972 praesidium
889 2885 1075 2964 rmmunivit,
1090 2888 1166 2959 mis.-

139 2980 183 3043 sis
201 2980 254 3064 qui
272 2980 406 3046 maiores
426 2979 573 3046 Chaucos
591 2981 632 3045 ad
649 2982 850 3047 deditionem
855 2981 1049 3067 pellicerent,
1072 2980 1165 3046 simul

140 3071 346 3139 Gannascum
364 3062 436 3139 dolo
449 3074 711 3160 aggrederentur:
729 3097 788 3140 nec
805 3075 908 3140 irritae
922 3085 976 3146 aut
993 3076 1166 3160 degeneres

137 3168 269 3234 insidiae
286 3169 374 3234 fuere
387 3171 538 3235 adversus
553 3170 749 3256 transfugam
763 3179 794 3234 et
806 3169 989 3234 violatorem
1001 3169 1084 3233 fidei.
1108 3169 1168 3234 sed

138 3263 279 3327 caede
252 3285 319 3329 erus
337 3265 441 3329 motae
461 3262 662 3341 Chaucorum
679 3272 815 3343 mentes;
838 3272 869 3328 et
887 3261 1026 3328 Corbulo
1044 3263 1165 3351 semina

136 3356 314 3422 rebellionis
337 3357 507 3443 praebebat
511 3367 583 3436 ,rut
604 3357 687 3422 laem
707 3358 792 3442 apud
814 3357 992 3443 plerosque,
1014 3356 1059 3436 ita
1080 3355 1165 3440 apud

136 3451 292 3537 quosdam
314 3451 440 3519 sinistra
462 3452 561 3517 fama:
584 3473 641 3516 eur
661 3450 785 3516 hostem
806 3451 961 3529 conciret?
983 3450 1115 3515 adversa
1131 3448 1165 3513 in

136 3545 381 3631 rempublicam
399 3568 525 3624 casura3
545 3546 594 3610 sin
611 3567 759 3631 prospere
777 3545 908 3634 egisset,
926 3543 1164 3609 formidolosum

136 3639 209 3726 paci
227 3640 329 3705 virum
346 3641 503 3727 insignem
521 3649 553 3704 et
569 3640 684 3725 ignavo
701 3640 834 3726 principi
851 3660 1064 3725 praegravem.

156 3782 162 3795 ,
201 3733 305 3819 Igitur
323 3732 475 3799 Claudius
493 3734 573 3799 adeo
589 3757 704 3798 novam
720 3733 754 3798 in
774 3731 960 3799 Germanias
977 3731 1041 3796 vim
1058 3729 1164 3816 prohi-

135 3825 205 3890 buit
222 3837 257 3891 ut
278 3828 388 3893 referri
409 3828 566 3914 praesidia
587 3819 633 3892 cis
651 3827 799 3894 Rhenum
819 3827 950 3892 iuberet.
976 3826 1039 3890 iam
1061 3835 1214 3890 castrare

135 3919 170 3984 in
187 3918 294 3986 hostili
315 3923 382 3987 solo
404 3923 544 3989 molienti
563 3920 737 3987 Corbuloni
758 3944 814 3988 eae
835 3921 956 3986 litterae
976 3920 1163 3985 redduntur:

135 4012 189 4077 ille
206 4037 239 4080 re
258 4015 362 4081 subita
379 4038 569 4101 quamquam
582 4016 681 4081 multa
694 4016 786 4081 simul
799 4015 1042 4093 offenderentur,
1060 4023 1163 4082 metus

135 4129 177 4172 ex
189 4108 385 4195 imperatore,
400 4111 593 4198 ,oonoemptio
608 4133 648 4176 ex
661 4110 811 4190 barbaris,
829 4108 997 4178 ludibrium
1011 4109 1096 4195 apud
1106 4130 1164 4174 so·
