2760 4874
409 387 614 445 ANNALIUM
632 387 706 443 LlB.
719 389 757 442 Η.
774 388 893 443 22-26.
1119 378 1161 442 53

136 495 158 532 p.
169 481 213 531 cn,
223 482 256 521 ic.

136 549 341 633 absumptus,
363 545 424 615 nisi
441 566 522 628 quos
546 567 675 630 corpora
692 567 842 628 equorum
865 546 974 610 eodem
991 547 1069 612 elisa
1085 547 1162 612 tole-

136 649 293 708 raverant.
317 639 389 706 sola
407 637 587 704 Germanici
602 639 741 703 ,triremis
760 636 960 703 Chaucorum
978 651 1090 704 terram
1107 641 1162 705 ad·

137 736 231 823 pulit3
250 755 345 819 quem
361 755 418 819 per
435 754 542 798 omnes
560 733 630 798 illos
643 733 710 798 dics
727 741 897 815 noctesque
915 734 999 818 apud
1017 733 1161 819 scopulos

138 841 170 896 et
185 828 391 915 prominentis
409 849 495 905 oras,
518 850 590 892 cum
608 849 642 892 se
664 827 742 892 tanti
764 827 850 891 exitii
871 849 959 891 reum
981 827 1161 907 clamitaret,

138 924 193 988 vix
218 920 387 987 cohibuere
413 917 506 986 amici
531 942 596 1005 quo
623 922 726 986 minus
753 921 864 985 eodem
889 921 968 985 mari
993 930 1160 1006 oppeteret.

139 1017 266 1082 tandem
282 1014 441 1080 relabente
454 1024 544 1079 aestu
561 1023 592 1079 et
609 1015 800 1080 secundante
816 1025 911 1083 vento
924 1014 1052 1080 claudae
1066 1037 1161 1080 naves

139 1133 208 1177 raro
225 1110 359 1196 remigio
375 1119 430 1174 aut
445 1109 571 1174 intentis
589 1108 730 1174 vestibus
748 1118 780 1173 et
800 1109 954 1192 quaedam
971 1131 991 1173 a
1007 1109 1163 1174 validiori-

139 1205 200 1271 bus
217 1213 335 1270 tractae
351 1212 520 1280 revertere3
543 1224 621 1286 quas
639 1203 752 1288 raptim
769 1202 902 1267 refectas
923 1202 1009 1266 misit
1025 1212 1060 1266 ut
1077 1224 1163 1266 scru-

140 1302 280 1363 tarentur
296 1297 424 1362 insulas.
448 1296 568 1361 collecti
586 1319 624 1362 ea
646 1318 721 1361 cura
736 1296 876 1381 plerique
882 1321 891 1374 ;
914 1295 1028 1361 multos
1045 1295 1163 1382 Angri-

140 1393 218 1457 varii
243 1412 344 1476 nuper
367 1391 401 1455 iu
425 1391 521 1455 fidem
546 1391 667 1476 accepti
695 1391 873 1475 redemptos
900 1388 940 1455 ab
966 1388 1162 1454 interioribus

140 1476 302 1551 reddidere
307 1509 317 1562 3
339 1484 466 1567 quidam
483 1484 516 1548 in
533 1483 728 1548 Britanniam
749 1484 830 1569 rapti
848 1493 879 1547 et
895 1483 1018 1547 remissi
1035 1506 1055 1547 a
1070 1505 1163 1568 regu-

139 1579 193 1658 lis3
215 1587 253 1642 ut
269 1577 340 1661 quis
363 1599 402 1642 ex
423 1577 594 1663 longinquo
615 1587 790 1655 revenerat,
812 1577 962 1641 miracula
982 1574 1162 1640 narrabant:

137 1672 204 1736 avim
226 1670 387 1737 turbinum
404 1681 436 1735 et
451 1671 607 1735 inauditas
630 1671 786 1748 volucres,
807 1680 949 1735 monstra
969 1670 1078 1747 maris,
1097 1693 1163 1735 am-

139 1765 252 1852 biguas
274 1765 437 1830 hominum
455 1772 486 1828 et
503 1763 665 1830 beluarum
689 1764 818 1841 formas,
842 1764 910 1828 visa
932 1764 999 1829 sive
1019 1785 1060 1828 ex
1078 1773 1162 1827 metu
1223 1818 1226 1823 .

140 1859 266 1924 credita.

204 1950 271 2018 Sed
288 1951 374 2017 fama
391 1952 501 2018 classis
518 1953 653 2019 amissae
671 1962 705 2018 ut
720 1951 895 2019 Germanos
914 1953 955 2018 ad
972 1975 1060 2038 spem
1078 1950 1161 2027 belli,
1181 1970 1212 2018 25

138 2047 184 2112 ita
196 2044 366 2111 Caesarem
384 2045 426 2110 ad
442 2048 648 2116 coercendum
666 2047 772 2111 erexit
797 2046 834 2111 C.
851 2045 929 2112 Silio
947 2068 1019 2111 cum
1036 2045 1163 2130 triginta

136 2140 294 2226 peditum,
317 2139 417 2204 tribus
440 2142 579 2223 equitum
600 2140 726 2206 milibus
744 2141 789 2206 ire
810 2141 844 2204 in
863 2139 995 2204 Chattos
1016 2140 1161 2223 imperat3

136 2235 206 2319 ipse
224 2232 510 2319 maioribuscopiis
524 2233 650 2300 Marsos
667 2235 829 2318 inrumpit,
848 2255 981 2316 quorum
998 2232 1063 2296 dux
1079 2230 1163 2294 Mal-

137 2328 291 2397 lovendus
305 2349 405 2411 nuper
422 2328 459 2391 in·
471 2328 661 2393 deditionem
673 2337 821 2414 acceptus
838 2327 1012 2411 propinquo
1024 2325 1099 2389 luco
1108 2325 1163 2387 de-

138 2420 260 2486 fossam
282 2418 438 2487 Varianae
459 2421 591 2507 legionis
614 2421 750 2504 aquilam
776 2421 899 2484 modico
920 2415 1075 2503 praesidio
1099 2439 1163 2481 ser-

138 2515 207 2580 vari
223 2513 354 2595 indicat3
372 2515 470 2579 missa
487 2514 643 2602 extemplo
656 2536 769 2578 manus
785 2535 867 2596 quae
884 2513 1006 2576 hostem
1025 2534 1044 2575 a
1060 2509 1163 2574 fronte

138 2608 278 2685 eliceret,
304 2607 357 2671 alii
378 2608 433 2690 qui
455 2617 543 2693 terga
564 2607 782 2693 circumgressi
803 2606 997 2671 recluderent
1017 2604 1147 2669 humum
1153 2628 1162 2680 ;

139 2711 171 2768 et
187 2702 328 2784 utrisque
345 2700 446 2766 adfuit
462 2702 596 2766 fortuna.
619 2723 657 2766 eo
674 2701 846 2787 promptior
864 2699 982 2766 Caesar
998 2699 1101 2785 pergit
1117 2698 1164 2761 in-

138 2807 273 2871 trorsus,
291 2794 471 2879 populatur,
496 2796 650 2859 exscindit
665 2818 729 2860 non
746 2818 858 2860 ausum
876 2794 1025 2880 congredi
1041 2794 1163 2859 hostem

138 2899 207 2965 aut,
231 2888 332 2953 sicubi
352 2888 521 2966 restiterat,
541 2889 645 2953 statim
661 2889 788 2974 pulsum
809 2910 867 2954 nec
884 2910 1034 2973 umquam
1050 2888 1162 2973 magis,

119 2991 175 3047 'ut
192 3003 233 3046 ex
250 2981 381 3066 captivis
399 2983 559 3068 cognitum
577 2992 634 3059 est,
652 2992 831 3067 paventem:
850 2983 965 3067 quippe
982 2982 1114 3047 invictos
1133 2989 1163 3045 et

138 3075 233 3140 nullis
252 3075 378 3139 casibus
397 3075 588 3160 superabiles
601 3075 761 3143 Romanos
774 3075 1005 3161 praedicabant,
1023 3075 1077 3158 qui
1093 3096 1164 3158 per-

139 3169 206 3233 dita
228 3167 343 3245 classe,
367 3168 491 3232 amissis
514 3168 623 3246 armis,
645 3179 719 3255 post
740 3179 896 3234 constrata
914 3190 1064 3251 equorum
1084 3167 1163 3230 viro-

138 3281 273 3343 rumque
298 3261 480 3347 corporibus
506 3261 597 3326 litora
619 3263 728 3327 eadem
749 3263 877 3338 uncte,
903 3263 971 3347 pari
993 3260 1109 3325 ferocia
1131 3269 1164 3322 et
1185 3318 1225 3349 ν,

138 3354 227 3419 velut
243 3355 327 3418 aucti
344 3377 473 3420 numero
491 3355 690 3440 inrupissent.

203 3446 366 3512 Reductus
383 3448 456 3512 inde
473 3449 506 3512 in
519 3449 649 3514 hiberna
661 3450 761 3526 miles,
780 3450 880 3513 laetus
899 3448 993 3512 animi
1006 3446 1091 3529 quod
1108 3445 1163 3509 ad·
1181 3466 1211 3515 26

139 3562 233 3605 versa
249 3541 345 3607 maris
362 3542 558 3626 expeditione
570 3565 720 3629 prospera
732 3543 941 3628 pensavisset3
960 3539 1079 3605 addidit
1094 3561 1164 3601 mu-

139 3634 331 3707 nificentiam
352 3633 486 3712 Caesar,
508 3647 660 3720 quantum
681 3638 752 3721 quis
775 3637 881 3701 damni
902 3635 1063 3721 professus
1086 3642 1161 3708 erat,

140 3728 340 3793 exsolvendo.
362 3751 421 3793 nec
434 3730 564 3794 dubium
578 3731 751 3796 habebatur
762 3729 868 3795 labare
876 3730 982 3795 hostes
995 3727 1163 3814 petendae-

140 3843 202 3905 que
215 3821 302 3907 pacis
316 3823 445 3887 consilia
462 3846 594 3901 sumere,
613 3834 644 3889 et
658 3825 685 3890 si
696 3824 840 3909 proxima
859 3832 961 3888 aestas
980 3821 1160 3897 adiceretur,

139 3936 235 3999 posse
252 3913 510 4001 bellumpatrari3
530 3919 586 3982 sed
604 3918 719 3983 crebris
738 3917 878 4004 epistulis
893 3916 1038 3982 Tiberius
1055 3937 1162 3980 monc-

140 4006 209 4072 bat:
227 4008 342 4073 rediret
358 4011 401 4074 ad
416 4010 574 4081 decretum
587 4013 792 4097 triumphum3
811 4012 886 4076 satis
903 4012 966 4076 iam
984 4020 1161 4086 eventuum,

141 4101 218 4166 satis
237 4124 377 4172 casuum
400 4125 549 4189 prospera
565 4105 610 4170 illi
628 4115 790 4193 utmagna
805 4105 937 4191 proclia:
961 4128 1068 4171 eorum
1085 4127 1162 4189 quo·
