2760 4874
238 376 301 440 302
589 383 771 441 CORNELII
786 383 916 439 TACITI

1157 485 1178 512 a.
1188 485 1209 513 u.
1220 477 1266 513 817.

236 545 370 631 cupitor,
394 543 529 608 effodere
551 542 694 627 proxima
711 542 839 607 Averno
861 542 936 627 iuga
958 541 1106 607 connisus
1129 553 1180 606 est
1201 567 1268 607 ma-

237 650 373 722 nentque
391 637 524 724 vestigia
541 636 645 701 irritae
663 637 739 722 spei.

186 755 219 802 ss
303 732 452 798 Ceterum
473 730 560 796 urbis
583 753 664 813 quae
687 731 794 795 domui
817 740 1012 815 supererant,
1035 754 1114 808 non,
1137 743 1173 797 ut
1195 743 1268 817 post

237 827 361 895 Gallica
378 827 531 903 incendia,
550 825 636 889 nulla
648 825 845 891 distinctione
863 847 921 889 nec
938 824 1057 910 passim
1075 836 1191 904 erecta,
1211 827 1267 891 sed

237 922 386 988 dimensis
409 921 548 984 vicorum
570 919 731 984 ordinibus
754 929 785 983 et
801 919 873 983 latis
891 919 1012 984 viarum
1031 920 1157 1005 spatiis,
1181 920 1268 986 cohi-

237 1018 363 1100 bitaque
385 1014 596 1091 aedificiorum
615 1014 776 1078 altitudine
798 1035 835 1078 ac
852 1013 1017 1099 patefactis
1036 1013 1123 1078 areis-
1135 1015 1267 1079 additis-

237 1134 298 1196 que
319 1108 490 1195 porticibus
513 1131 593 1193 quae
616 1108 750 1174 frontem
772 1108 945 1173 insularum
971 1117 1180 1195 protegerent.
1212 1131 1278 1174 eas.

236 1205 375 1290 porticus
388 1203 471 1268 Nero
490 1226 547 1267 sua
564 1202 697 1287 pecunia
715 1210 927 1267 extructurum
945 1212 1158 1289 purgatasque
1177 1226 1266 1268 areas

237 1299 371 1364 dominis
389 1297 573 1362 tradittuum
590 1297 746 1382 pollicitus
764 1307 821 1361 est.
844 1296 963 1361 addidit
979 1299 1120 1382 praemia
1136 1320 1196 1382 pro
1214 1320 1269 1362 eu·

237 1393 349 1476 iusque
371 1392 532 1468 ordine-et
553 1391 598 1454 rei
625 1390 786 1456 familiaris
813 1391 925 1476 copiis,
952 1390 1115 1474 finivitque
1140 1400 1267 1476 tempus

237 1488 318 1552 intra
340 1487 424 1570 quod
446 1485 565 1550 effectis
589 1485 733 1549 domibus
756 1496 810 1549 aut
831 1485 941 1550 insulis
964 1485 1188 1570 apiscerentur.
1215 1509 1268 1550 ru-

238 1581 305 1645 deri
315 1581 509 1665 ,accipiendo
529 1577 695 1645 Ostienses
717 1579 849 1664 paludes
871 1579 1061 1657 destinabat,
1086 1580 1196 1663 utique
1213 1604 1269 1644 na-

237 1697 304 1750 ves,
323 1695 403 1756 quae
417 1673 607 1737 frumentum
622 1672 728 1738 Tiberi
743 1673 990 1750 subvectassent,
1009 1684 1141 1738 onustae
1154 1670 1267 1738 rudere
1342 1682 1345 1687 ’

238 1768 450 1842 decurrerent,
469 1765 672 1850 aedificiaque
686 1767 755 1852 ipsa
773 1777 857 1833 certa
874 1767 924 1832 sui
941 1777 1028 1852 parte
1043 1768 1111 1832 sine
1125 1756 1268 1833 trabibus

238 1883 315 1927 saxo
335 1857 460 1925 Gabino
474 1859 640 1926 Albanove
659 1861 874 1939 solidarentur,
893 1862 977 1945 quod
995 1861 1022 1925 is
1039 1861 1121 1946 lapis
1140 1862 1268 1948 ignibus

237 1955 407 2041 impervius
422 1965 483 2032 cst3
502 1954 564 2019 iam
578 1978 660 2039 aqua
672 1955 864 2040 privatorum
876 1956 1002 2020 licentia
1014 1956 1188 2041 intercepta
1204 1978 1268 2040 quo

238 2049 354 2136 largior
371 2059 402 2114 et
418 2049 560 2135 pluribus
582 2049 659 2114 locis
677 2051 709 2113 in
726 2050 887 2134 publicum
905 2050 1026 2127 flueret,
1044 2051 1215 2127 ‚custodes;
1239 2061 1271 2113 et

240 2144 380 2210 subsidia
400 2144 604 2229 reprimendis
626 2144 752 2230 ignibus
775 2144 808 2207 in
828 2144 992 2229 propatulo
1015 2144 1149 2228 quisque
1172 2143 1270 2208 habc-

239 2247 300 2317 ret,
318 2260 376 2302 nec
395 2238 612 2302 communione
634 2238 787 2323 parietum
810 2239 867 2303 sed
884 2238 1016 2324 propriis
1034 2228 1180 2321 quaeque
1198 2238 1268 2304 mu-

239 2332 282 2397 ris
304 2331 507 2397 ambirentur:
523 2354 572 2414 ,ca
594 2354 632 2395 ex
659 2331 790 2395 utilitate
817 2341 944 2416 accepta
970 2332 1116 2410 decorem
1142 2321 1269 2415 quoque

239 2448 339 2491 novae
361 2425 431 2490 urbi
453 2425 596 2502 attulcrc3
624 2435 711 2489 erant
736 2435 841 2489 tamen
863 2426 917 2508 qui
943 2426 1105 2490 crederent
1131 2433 1269 2490 veterem
1337 2455 1340 2460 ·

239 2518 324 2585 illam
342 2518 476 2588 formam
499 2519 672 2590 salubritati
693 2518 795 2605 magis
814 2518 1018 2595 conduxisse,
1041 2518 1192 2601 quoniam
1216 2541 1270 2582 an-

239 2613 361 2699 gustiae
375 2613 520 2677 itinerum
534 2622 564 2677 et
578 2612 707 2678 altitudo
721 2622 873 2677 tectorum
891 2631 954 2678 non
971 2613 1100 2697 perinde
1121 2611 1197 2677 solis
1216 2634 1270 2675 va-

239 2707 314 2792 pore
328 2717 612 2792 perrumperentur:
631 2718 663 2771 at
675 2728 757 2771 nunc
770 2707 908 2792 patulam
921 2706 1117 2771 latitudinem
1136 2715 1167 2769 et
1184 2705 1270 2769 nulla
1345 2764 1355 2785 ,

240 2800 352 2864 umbra
369 2800 530 2865 defensam
549 2802 692 2885 graviore
710 2812 800 2866 aestu
818 2804 989 2866 ardescere.

190 2913 222 2959 44
303 2891 347 2955 Et
365 2891 442 2956 haec
461 2894 587 2975 quidem
605 2895 748 2959 humanis
768 2896 904 2960 consiliis
918 2894 1176 2980 providebantur:
1197 2917 1270 2957 mox

240 2985 336 3070 petita
354 3008 373 3049 a
390 2986 438 3049 dis
456 2986 579 3070 piacula
596 2987 732 3070 aditique
748 2987 887 3074 Sibyllae
905 2990 984 3064 libri,
1004 3011 1043 3053 ex
1061 2988 1177 3071 quibus
1197 3011 1270 3072 sup-

241 3080 389 3165 plicatum
407 3080 548 3145 Voleano
567 3090 597 3145 et
616 3080 724 3146 Cereri
740 3082 1024 3168 Proserpinaeque,
1049 3105 1086 3147 ac
1104 3082 1271 3166 propitiata

241 3166 322 3230 Iuno
331 3189 387 3251 per
400 3176 557 3231 matronas
571 3169 705 3252 primum
719 3169 752 3232 in
762 3168 929 3257 Capitolio,
942 3168 1053 3232 deinde
1068 3168 1155 3252 apud
1166 3167 1271 3252 proxi-

241 3285 329 3325 mum
354 3283 454 3339 mare,
481 3263 564 3326 unde
590 3263 703 3327 hausta
729 3286 811 3346 aqua
837 3264 988 3348 templum
1011 3271 1042 3326 ct
1061 3262 1270 3325 'simulacrum

242 3357 319 3420 deae
337 3379 537 3442 perspersum
556 3367 618 3434 est3
641 3369 672 3439 et
690 3357 875 3425 sellisternia
893 3381 930 3424 ac
950 3356 1272 3443 pervigiliacelebra-

241 3473 314 3514 vere
337 3451 472 3514 feminae
494 3451 608 3533 quibus
632 3452 734 3515 mariti
757 3463 853 3517 erant.
882 3454 937 3517 sed
955 3475 1019 3516 non
1041 3460 1100 3536 ope
1122 3451 1270 3525 bumana,

242 3566 305 3607 non
322 3543 539 3630 largitionibus
562 3545 711 3630 principis
729 3556 783 3609 aut
801 3547 894 3610 deum
916 3545 1121 3630 placamentis
1141 3545 1273 3608 decede·

241 3640 296 3705 bat
312 3639 451 3717 infamia,
471 3641 546 3723 quin
563 3641 684 3705 iussum
697 3641 875 3704 incendium
894 3630 1084 3717 crederetur3
1103 3662 1180 3725 ergo
1199 3638 1273 3709 abo·

242 3735 335 3799 lende
357 3735 473 3798 rumori
490 3734 573 3802 Nero
596 3734 735 3799 subdidit
756 3758 826 3799 reos
845 3744 876 3798 et
897 3734 1139 3819 quaesitissimis
1162 3732 1272 3819 poenis

243 3820 349 3884 affecit
366 3842 445 3904 quos
463 3842 520 3904 per
537 3821 656 3906 flagitia
672 3820 791 3885 invisos
810 3821 925 3905 vulgus
947 3818 1146 3884 Christianos
1166 3819 1274 3905 appel-

242 3914 337 3979 labat.
356 3925 464 3980 auctor
481 3916 615 3980 nominis
631 3916 697 3980 eius
709 3914 854 3980 Christus
865 3915 994 3979 Tiberio
1005 3914 1205 3999 imperitante
1219 3935 1275 3997 per

243 4019 474 4092 procuratorem
488 4009 637 4074 Pontium
647 4010 785 4101 Pilatum
804 4009 958 4094 supplicio
976 4008 1109 4073 affectus
1129 4017 1207 4085 erat,
1226 4030 1273 4070 re·

244 4116 415 4186 pressaque
433 4105 466 4168 in
483 4126 630 4195 praesens
650 4104 814 4186 exitiabilis
834 4103 1012 4190 superstitio
1030 4126 1158 4168 rursum
1172 4125 1274 4167 erum-
