2760 4874
128 493 150 532 p·
161 479 201 523 Ch.
211 482 244 522 68·
601 526 605 537 Ι
1175 518 1180 525 .

128 551 294 626 fortunam,
313 547 440 632 quando
458 556 489 611 et
506 545 559 611 ille
571 542 700 633 pninde
718 544 867 610 innocens
885 544 1005 609 Tiberii
1023 546 1157 613 saevitia·

127 643 330 720 concidisset3
349 641 508 705 enimvero
516 638 706 711 Montanum
715 637 831 723 probae
840 638 985 703 iuventas
993 660 1095 722 neque
1105 639 1152 703 fa-

127 737 208 802 mosi
226 735 382 811 carminis,
401 738 455 798 scd
466 735 541 817 quia
557 732 719 818 protulerit
731 731 902 818 ingenium,
917 742 1072 796 extorrem
1089 733 1151 818 agi.

190 830 298 915 Atque
315 829 438 894 interim
450 826 597 894 Ostorius
618 826 766 903 Sabinus,
787 825 900 892 Sorani
916 836 1086 902 accusator,
1105 827 1153 890 in·
1171 848 1203 896 30

30 1004 34 1013 Ι
127 926 266 1012 greditur
283 924 464 1007 orditurque
487 924 526 986 dc
548 921 685 987 amicitia
703 920 841 985 Rubellii
858 920 978 998 Plauti,
1005 922 1152 1005 quodque

127 1019 381 1104 proconsulatum
389 1017 488 1081 Asiae
508 1015 649 1082 Soranus
667 1038 724 1101 pro
742 1015 880 1080 claritate
899 1015 959 1079 sibi
976 1015 1080 1100 potius
1099 1015 1155 1079 ad·

128 1113 360 1177 commodatum
378 1133 473 1193 quam
491 1132 531 1174 ex
548 1110 681 1174 utilitate
699 1110 858 1174 communi
881 1109 1012 1195 egisset,
1040 1110 1153 1174 alendo

130 1206 297 1271 seditiones
316 1206 499 1269 eivitatium.
518 1213 625 1268 vetera
642 1204 734 1268 haec:
759 1205 815 1268 sed
832 1226 940 1268 recens
960 1214 990 1268 et
1008 1227 1071 1288 quo
1088 1205 1154 1268 diss

129 1299 250 1363 crimini
271 1298 369 1384 patris
391 1298 488 1361 filiam
511 1297 728 1375 connectebat,
756 1298 841 1382 quod
862 1299 1028 1383 pecuniam
1049 1298 1152 1384 magis

129 1393 274 1478 dilargita
291 1400 385 1455 esset.
404 1391 560 1455 acciderat
578 1413 653 1455 sane
671 1391 785 1476 pietate
797 1389 949 1456 Serviliae
964 1425 1004 1438 a·
1018 1391 1051 1454 id
1069 1392 1153 1456 enim

129 1507 243 1548 nomen
251 1485 374 1569 puellae
383 1484 444 1548 fuit
453 1523 494 1531 -
504 1507 584 1568 quac
594 1485 721 1549 caritate
731 1507 807 1570 erga
813 1495 983 1570 parentem,
1000 1485 1093 1549 simul
1106 1486 1153 1548 in·

129 1578 293 1662 prudentia
302 1578 422 1655 aetatis
432 1601 496 1642 non
508 1588 613 1643 tamen
622 1578 708 1642 aliud
717 1578 945 1644 consultaverat
953 1600 1047 1661 qnam
1058 1580 1096 1642 de
1106 1579 1153 1641 in-

129 1671 307 1735 columitate
317 1672 439 1749 domus,
455 1683 485 1736 et
494 1696 535 1737 an
542 1672 706 1757 placabilis
715 1672 809 1750 Nero,
828 1697 870 1738 an
879 1673 1015 1758 cognitio
1025 1683 1152 1736 senatus

129 1765 206 1828 nihil
215 1773 303 1829 atrox
312 1765 456 1830 adferret.
471 1766 567 1851 igitur
576 1766 675 1832 accita
684 1767 772 1831 estin
782 1775 934 1844 senatum,
942 1776 1152 1850 stetenmtque

129 1858 244 1922 diversi
259 1869 330 1923 ante
344 1858 479 1923 tribunal
493 1861 657 1924 consulum
670 1861 798 1946 grandis
813 1883 890 1924 aevo
903 1883 1026 1944 parens,
1046 1870 1153 1925 contra

130 1951 194 2015 tilia
202 1952 283 2016 intra
291 1953 476 2016 vicesimum
487 1953 596 2016 aetatis
607 1976 732 2029 annum,
742 1976 843 2038 nuper
852 1953 1153 2018 maritoAnnioPol·

130 2044 212 2109 lione
229 2045 262 2109 in
281 2046 426 2110 exsilium
443 2047 536 2132 pulso
553 2047 682 2111 viduata
700 2047 901 2130 desolataque
919 2069 956 2111 ac
974 2069 1014 2111 ne
1031 2058 1152 2132 patrem

29 2170 34 2197 ·.
130 2140 257 2222 quidem
274 2140 407 2218 intuens,
427 2141 515 2205 cuius
534 2163 681 2205 onerasse
698 2141 838 2225 pericula
854 2141 1026 2206 videbatur.

194 2233 277 2297 Tum
295 2234 503 2321 interrogante
516 2246 706 2311 accusatore,
726 2259 767 2299 an
779 2234 881 2299 cultus
896 2236 1025 2312 dotales,
1045 2260 1085 2300 an
1099 2237 1152 2300 de·
1170 2260 1200 2306 31

131 2336 261 2391 tractum
279 2328 393 2392 cervici
410 2329 524 2393 monile
543 2352 658 2395 venum
676 2329 823 2406 dedisset,
842 2351 904 2412 quo
921 2329 1087 2414 pecuniam
1104 2330 1152 2395 fa-

131 2421 249 2485 ciendis
272 2422 404 2508 magicis
432 2423 529 2487 sacris
552 2424 761 2500 contraheret,
788 2423 925 2508 primum
948 2433 1043 2488 strata
1064 2425 1152 2488 humi

130 2514 285 2600 longoque
303 2516 377 2580 fletu
395 2527 426 2581 et
444 2517 581 2594 silentio,
608 2527 680 2602 post
702 2518 811 2582 altaria
828 2527 858 2581 et
880 2541 966 2581 aram
989 2519 1153 2604 complexa

132 2610 272 2687 „nullos“
291 2611 391 2694 inquit
411 2611 543 2696 „impios
562 2612 648 2690 deos,
667 2612 769 2676 nullas
783 2612 976 2689 devotiones,
995 2633 1054 2676 nec
1067 2613 1152 2676 aliud

129 2703 306 2769 infelicibus
324 2705 470 2790 precibus
489 2705 634 2770 invocavi
657 2728 751 2791 quam
768 2715 804 2769 ut
825 2706 909 2770 hunc
926 2706 1079 2791 optimum
1096 2729 1153 2792 pa·

130 2805 210 2860 trem
226 2807 273 2874 tu,
302 2796 435 2876 Caesar,
462 2821 534 2877 vos,
558 2810 662 2884 patres
668 2847 677 2877 ,
697 2800 862 2865 servaretis
880 2800 1078 2865 incolumem.
1107 2800 1152 2865 sic

10 2930 33 2971 ·.
129 2911 271 2975 gemmas
289 2903 323 2977 et
337 2902 441 2958 vestes
460 2903 491 2958 et
508 2894 669 2981 dignitatis
687 2894 824 2981 insignia
841 2894 926 2972 dedi,
950 2896 1106 2978 quomodo
1125 2895 1152 2958 si

131 2985 315 3070 sanguinem
337 2997 368 3051 et
390 2987 487 3052 vitam
508 2990 740 3074 poposcissent:
766 2988 901 3054 viderint
927 2989 993 3065 isti,
1021 2988 1152 3052 antehac

130 3079 207 3142 mihi
224 3081 332 3163 ignoti,
351 3104 414 3164 quo
431 3083 557 3146 nomine
577 3084 648 3159 sint,
667 3105 746 3166 quas
765 3091 847 3146 artes
867 3091 1039 3147 exerceant.
1067 3081 1152 3145 nulla

130 3171 206 3235 mihi
223 3173 372 3257 principis
390 3175 506 3238 mentio
524 3175 585 3238 nisi
603 3176 683 3239 inter
699 3176 829 3239 numina
841 3174 915 3252 fuit3
934 3174 1034 3238 nescit
1047 3185 1152 3238 tamen

130 3265 324 3330 miserrimus
342 3276 430 3350 pater
447 3277 486 3344 et,
507 3267 534 3330 si
552 3268 670 3331 crimen
687 3278 744 3345 est,
764 3268 831 3332 sola
849 3268 995 3351 deliqui.“

193 3360 369 3444 Loquentis
389 3361 491 3426 adhuc
508 3361 605 3425 verba
626 3361 742 3447 excipit
760 3359 900 3427 Soranus
918 3362 1150 3447 proclamatque
1169 3380 1200 3426 32

130 3477 193 3518 non
205 3455 291 3518 illam
304 3455 337 3519 in
349 3455 543 3541 provinciam
562 3477 670 3520 secum
689 3455 872 3540 profectam,
890 3479 953 3521 non
965 3456 1078 3520 Plauto
1096 3479 1152 3541 per

130 3557 262 3613 aetatem
270 3551 359 3614 nosci
367 3550 517 3635 potuisse,
527 3573 591 3614 non
600 3549 781 3614 criminibus
792 3550 894 3613 mariti
904 3572 1090 3614 connexam:
1104 3551 1152 3613 ni-

129 3642 210 3707 miae
220 3652 340 3708 tantum
349 3644 473 3728 pietatis
482 3666 568 3709 ream
579 3653 766 3729 separarent,
786 3654 878 3727 atque
891 3644 959 3730 ipse
969 3666 1151 3727 quamcum-

130 3757 190 3818 que
200 3747 315 3802 sortem
326 3738 453 3803 subiret.
473 3738 780 3823 simulinamplexus
791 3738 979 3802 occurrentis
989 3738 1071 3802 filiae
1081 3760 1151 3802 rue-

130 3828 192 3907 bat,
207 3831 268 3895 nisi
282 3833 433 3897 interiecti
450 3833 573 3898 lictores
592 3832 732 3916 utrisque
746 3831 948 3897 obstitissent.
971 3854 1045 3895 mox
1059 3832 1149 3895 datus

130 3924 262 3989 testibus
275 3926 376 3991 locus:
396 3937 426 3991 et
435 3937 586 4010 quantum
599 3926 830 3991 misericordiae
841 3925 970 3990 saevitia
979 3925 1150 3990 accusatio-

129 4015 179 4078 nis
197 4029 405 4102 permoverat,
433 4030 554 4085 tantum
575 4021 640 4084 irae
658 4020 696 4084 P.
715 4020 872 4106 Egnatius
891 4019 979 4084 testis
1003 4020 1149 4098 concivit;

130 4108 226 4173 cliens
244 4112 296 4175 hic
307 4110 419 4177 Sorani
437 4123 468 4178 et
485 4124 558 4179 tunc
572 4124 695 4200 emptus
709 4114 750 4179 ad
762 4114 1000 4198 opprimendum
1015 4115 1149 4178 amicum

129 4206 343 4271 auctoritatem
354 4205 478 4273 Stoicae
493 4219 595 4274 sectae
608 4207 812 4287 praelerebat,
822 4207 931 4272 habitu
941 4217 971 4272 et
980 4230 1033 4273 ore
1047 4209 1087 4272 ad
1097 4230 1150 4272 ex-

375 378 582 465 annnmuu
598 385 766 443 cmxvi
784 384 904 440 aa-aa
1017 350 1020 355 ’
1089 374 1152 439 329
1215 364 1218 369 '

1357 3406 1364 3457 l
