2760 4874
241 375 303 439 aro
587 381 770 439 connum
784 332 915 437 incur

1159 473 1272 513 a.u.815.

238 543 431 608 cornemium
454 541 659 625 impediturus
683 538 789 614 suerit,
812 538 1057 603 moderationem
1080 560 1145 605 non
1161 540 1271 624 prohi-

240 639 326 701 bere:
346 645 516 700 statuerent
531 648 566 697 ut
579 634 693 697 vellent
698 658 707 710 ;
726 633 832 697 datam
850 643 881 697 et
897 631 1081 697 absolvendi
1097 632 1269 697 licentiam.

213 724 219 737 ’
240 733 288 796 uis
303 741 395 814 utque
414 729 528 793 talibus
547 727 682 791 recitatis
696 737 727 791 et
741 726 914 790 offensione
928 725 1096 791 manifesta
1111 749 1178 790 non
1196 726 1269 790 ideo

239 837 292 891 aut
305 824 450 889 consules
463 832 622 886 mutavere
636 821 818 885 relationem
831 831 886 885 ant
894 821 1036 886 Thrasea
1049 821 1188 886 decessit
1196 843 1270 886 sen-

239 919 335 983 tentia
352 916 485 982 ceterive
502 937 582 998 qrmc
599 914 807 1000 probaverant
823 915 1003 992 deseruere,
1021 936 1105 1000 pars,
1124 937 1166 979 ne
1182 915 1269 1001 prin-

239 1016 340 1099 cipem
367 1012 519 1078 obiecisse
541 1011 677 1074 invidiae
699 1010 890 1087 viderentur,
916 1009 1022 1096 plures
1036 1032 1177 1074 'numero
1199 1010 1268 1086 tuti,

240 1108 381 1172 Thrasea
399 1116 488 1170 sueta
505 1102 694 1169 firmitudine
717 1104 813 1168 animi
831 1114 863 1167 et
879 1126 919 1167 ne
936 1103 1037 1189 gloria
1058 1104 1266 1169 intercideret.

157 1223 221 1307 ‘oo
303 1200 401 1265 Hand
427 1199 544 1284 dispari
571 1199 699 1262 erimine
721 1197 886 1262 Fabricius
908 1196 1044 1262 Veiento
1070 1197 1268 1263 conflictatus

239 1306 301 1372 est,
324 1295 408 1377 quod
427 1294 524 1357 multa
546 1303 577 1356 et
593 1292 744 1377 probrosa
765 1293 919 1378 inpetres
937 1301 968 1356 et
986 1292 1165 1356 sacerdotes
1182 1315 1268 1357 eom-

239 1389 397 1473 posuisset
423 1387 463 1450 iis
488 1386 576 1450 libris
603 1385 718 1469 quibus
745 1407 861 1449 nomen
887 1385 1101 1450 codicillorum
1128 1387 1267 1451 dederat.

239 1481 393 1546 adiciebat
411 1481 520 1545 Talius
540 1478 694 1544 Geminus
718 1489 881 1559 accusator
902 1480 1061 1544 venditata
1084 1479 1124 1545 ab
1143 1502 1182 1544 eo
1200 1504 1268 1544 mu-

239 1600 313 1638 nera
326 1575 474 1659 principis
493 1585 522 1638 et
536 1574 809 1657 adipiscendorum
822 1573 975 1636 honorum
992 1573 1052 1649 ius,
1066 1595 1154 1662 quae
1172 1595 1268 1638 causa
1342 1650 1343 1654 Ἰ

240 1668 352 1731 Neroni
372 1668 431 1730 suit
449 1667 639 1751 suscipiendi
657 1667 777 1743 indicii,
801 1667 1040 1750 convictumque
1057 1665 1266 1732 Veientonem

239 1762 330 1825 ltalia
347 1761 467 1844 deprdit
483 1771 515 1825 et
532 1761 627 1825 libros
646 1762 736 1824 exuri
754 1761 860 1838 iussit,
883 1761 1075 1844 conquisitos
1097 1760 1267 1826 lectitatos-

238 1878 309 1939 que,
328 1856 427 1919 donec
442 1850 512 1919 cnm
522 1855 659 1940 perierdo
672 1854 876 1940 parabantur:
894 1877 969 1920 mox
985 1854 1112 1920 licentia
1129 1855 1267 1920 habendi

239 1949 427 2014 oblivionem
446 1949 557 2013 attuit.

189 2066 218 2109 or
305 2043 370 2108 Sed
383 2043 639 2129 gravescentibus
657 2044 690 2106 in
703 2043 771 2107 dies
785 2043 919 2129 publicis
937 2043 1028 2108 malis
1048 2041 1193 2110 subsidia
1209 2045 1267 2108 mi-

240 2139 427 2215 nuebantur,
446 2138 662 2222 concessitque
681 2137 745 2201 vita
762 2137 897 2215 Burrus,
915 2138 1069 2203 incertum
1086 2139 1266 2203 valetudine

240 2257 279 2296 an
298 2254 431 2296 veneno:
453 2231 599 2295 valetudo
622 2254 661 2294 ex
679 2253 716 2294 eo
734 2230 978 2308 coniectabatur,
1001 2232 1088 2316 quod
1110 2233 1143 2296 in
1166 2255 1201 2297 se
1219 2242 1267 2297 tu-

241 2324 450 2390 mescentibus
465 2325 615 2409 paulatim
628 2323 773 2388 faucibus
791 2334 823 2389 et
839 2325 989 2411 impedito
1002 2336 1108 2390 meatu
1122 2327 1266 2410 spiritum

240 2419 379 2495 finiebat3
402 2418 507 2502 plures
526 2417 615 2481 iussu
632 2417 779 2494 Neronis,
803 2419 894 2500 quasi
911 2418 1083 2484 remedium
1102 2420 1267 2485 adhibere-

240 2525 297 2587 tur,
317 2512 437 2575 inlitum
456 2511 594 2596 palatum
612 2511 680 2574 eius
693 2511 787 2574 noxio
805 2512 1010 2577 medicamine
1028 2513 1265 2590 adseverabant,

240 2618 270 2668 et
288 2606 423 2668 Burrum
441 2605 596 2668 intellecto
615 2604 740 2681 scelere,
760 2627 832 2668 enm
850 2605 891 2668 ad
908 2606 1073 2670 visendum
1090 2630 1165 2671 eum
1183 2609 1267 2693 prin·

240 2722 314 2782 ceps
333 2700 484 2774 venisset,
509 2704 670 2783 aspectum
688 2698 757 2762 eius
775 2709 954 2763 aversatum
973 2701 1144 2765 sciscitanti
1161 2703 1266 2767 hacte-

239 2815 299 2855 nus
320 2793 533 2875 respondisse:
563 2815 641 2877 „ego
664 2814 713 2856 me
736 2792 816 2856 bene
837 2793 970 2857 habeo.“
1003 2794 1121 2859 civitati
1147 2797 1266 2880 grande

240 2884 429 2947 desiderium
452 2886 519 2947 eius
538 2887 653 2949 mansit
674 2909 730 2971 per
747 2888 929 2952 memoriam
950 2887 1073 2951 virtutis
1091 2899 1123 2953 et
1142 2912 1267 2954 succes-

241 3001 344 3039 sorum
359 2978 483 3041 alterius
499 3001 628 3062 segnem
646 2980 863 3058 innocentiam,
883 2981 1009 3044 alterius
1023 2981 1267 3067 flagrantissima

240 3072 357 3157 tlagitiu
377 3070 572 3157 [adrdteria]:
596 3073 712 3158 quippe
732 3072 851 3138 Cacsar
872 3075 952 3138 duos
974 3072 1138 3159 praetoriis
1158 3077 1267 3141 cohor·

241 3165 322 3230 tibus
342 3166 544 3250 imposuerat,
567 3167 721 3230 Faenium
737 3167 859 3231 Rufum
881 3191 920 3231 ex
938 3169 1026 3253 vulgi
1048 3168 1170 3247 favore,
1194 3171 1266 3254 quia

240 3282 304 3322 rem
328 3260 561 3330 frumentariam
585 3261 651 3323 siue
674 3271 808 3343 quaestu
829 3261 995 3338 tractabat,
1021 3259 1190 3327 Sofonium
1213 3264 1266 3327 Ti-

240 3353 403 3437 gellinum,
427 3362 562 3416 veterem
585 3354 800 3437 inpudicitiam
818 3353 1092 3437 atque'infamiam
1110 3357 1144 3420 in
1162 3379 1200 3422 eo
1219 3381 1266 3421 se-

240 3457 339 3509 cutus.
367 3457 459 3528 atque
478 3447 522 3509 illi
538 3470 595 3531 pro
619 3448 751 3532 cognitis
774 3449 914 3513 moribus
936 3450 1038 3527 fuere,
1061 3451 1196 3516 validior
1213 3452 1267 3516 Ti-
1326 3530 1330 3539 ¹

239 3542 373 3626 gellinus
388 3542 419 3604 in
432 3543 536 3606 animo
546 3543 694 3627 principis
709 3553 740 3606 et
749 3544 866 3607 intimis
876 3545 1057 3609 libidinibus
1067 3547 1265 3632 adsumptus,

239 3658 387 3719 prospera
404 3636 511 3719 poptdi
529 3646 559 3698 et
577 3636 708 3700 militum
728 3636 812 3712 fama
829 3638 943 3715 Rufus,
962 3639 1047 3722 quod
1065 3641 1152 3724 apud
1168 3641 1268 3705 Nero-

240 3751 311 3790 uem
329 3729 496 3792 adversum
515 3729 739 3814 experiebatur.

190 3840 221 3885 5‘2
303 3822 392 3885 Mors
408 3823 499 3887 Burri
514 3825 641 3909 intingit
656 3823 795 3889 Senecae
808 3827 986 3909 potentiam,
1006 3827 1080 3909 quia
1096 3848 1158 3890 nec
1175 3826 1266 3890 bouis

241 3916 458 3980 artibusidem
477 3918 589 3980 virium
607 3928 673 3982 crat
689 3918 786 3982 altero
804 3919 889 3983 velut
906 3919 985 3984 duce
1003 3930 1119 3996 amate,
1139 3930 1171 3983 et
1183 3920 1272 4001 Nero¹

240 4009 280 4070 ad
293 4010 460 4072 deteriores
474 4011 651 4075 inclinabat.
674 4012 707 4074 hi
721 4011 814 4076 variis
828 4013 1093 4078 criminationibus
1109 4012 1267 4079 Senecam

241 4102 429 4179 arloriuntur,
448 4113 605 4187 tamquam
619 4106 761 4192 ingentes
781 4116 811 4170 et
828 4108 982 4191 privatum
996 4108 1125 4171 modum
1139 4117 1266 4173 evectas
