<?xml version="1.0" encoding="UTF-8"?>
<!DOCTYPE html PUBLIC "-//W3C//DTD XHTML 1.0 Transitional//EN"
    "http://www.w3.org/TR/xhtml1/DTD/xhtml1-transitional.dtd">
<html xmlns="http://www.w3.org/1999/xhtml" xml:lang="en" lang="en">
 <head>
  <title>
</title>
<meta http-equiv="Content-Type" content="text/html;charset=utf-8" />
  <meta name='ocr-system' content='tesseract 3.04.00' />
  <meta name='ocr-capabilities' content='ocr_page ocr_carea ocr_par ocr_line ocrx_word'/>
</head>
<body>
  <div class='ocr_page' id='page_1' title='image "./corneliitacitio01haasgoog_0221.png"; bbox 0 0 2760 4874; ppageno 0'>
   <div class='ocr_carea' id='block_1_1' title="bbox 52 342 1266 536">
    <p class='ocr_par' dir='ltr' id='par_1_1' title="bbox 52 342 1266 536">
     <span class='ocr_line' id='line_1_1' title="bbox 52 342 921 463; baseline -0.007 0"><span class='ocrx_word' id='word_1_1' title='bbox 52 342 85 433; x_wconf 57' lang='grc' dir='ltr'><strong><em>ὀ</em></strong></span> <span class='ocrx_word' id='word_1_2' title='bbox 244 398 307 462; x_wconf 83' lang='grc'>144</span> <span class='ocrx_word' id='word_1_3' title='bbox 520 418 524 423; x_wconf 90' lang='grc'><strong>’</strong></span> <span class='ocrx_word' id='word_1_4' title='bbox 595 404 778 463; x_wconf 82' lang='lat' dir='ltr'>CORNELII</span> <span class='ocrx_word' id='word_1_5' title='bbox 792 402 921 458; x_wconf 82' lang='lat' dir='ltr'>TACITI</span> 
     </span>
     <span class='ocr_line' id='line_1_2' title="bbox 1105 496 1266 536; baseline 0.019 -3"><span class='ocrx_word' id='word_1_6' title='bbox 1105 504 1124 534; x_wconf 76' lang='grc' dir='ltr'>ιι.</span> <span class='ocrx_word' id='word_1_7' title='bbox 1135 505 1156 535; x_wconf 71' lang='lat' dir='ltr'>a</span> <span class='ocrx_word' id='word_1_8' title='bbox 1166 496 1212 535; x_wconf 79' lang='lat' dir='ltr'>ua.</span> <span class='ocrx_word' id='word_1_9' title='bbox 1223 497 1266 536; x_wconf 72' lang='lat' dir='ltr'>rso.</span> 
     </span>
    </p>
   </div>
   <div class='ocr_carea' id='block_1_2' title="bbox 174 561 1358 4223">
    <p class='ocr_par' dir='ltr' id='par_1_2' title="bbox 174 561 1358 4223">
     <span class='ocr_line' id='line_1_3' title="bbox 241 561 1269 650; baseline -0.004 -17"><span class='ocrx_word' id='word_1_10' title='bbox 241 568 354 634; x_wconf 87' lang='lat' dir='ltr'>Liviae</span> <span class='ocrx_word' id='word_1_11' title='bbox 373 577 466 650; x_wconf 89' lang='lat' dir='ltr'>atque</span> <span class='ocrx_word' id='word_1_12' title='bbox 488 566 542 634; x_wconf 89' lang='lat' dir='ltr'>illa</span> <span class='ocrx_word' id='word_1_13' title='bbox 561 562 676 630; x_wconf 90' lang='lat' dir='ltr'>Seiano</span> <span class='ocrx_word' id='word_1_14' title='bbox 686 561 898 647; x_wconf 59' lang='lat' dir='ltr'>patefacerem</span> <span class='ocrx_word' id='word_1_15' title='bbox 922 562 975 646; x_wconf 92' lang='lat' dir='ltr'>qui</span> <span class='ocrx_word' id='word_1_16' title='bbox 998 561 1125 627; x_wconf 88' lang='lat' dir='ltr'>fratrem</span> <span class='ocrx_word' id='word_1_17' title='bbox 1143 585 1269 647; x_wconf 88' lang='lat' dir='ltr'>quoque</span> 
     </span>
     <span class='ocr_line' id='line_1_4' title="bbox 195 656 1270 743; baseline -0.006 -16"><span class='ocrx_word' id='word_1_18' title='bbox 195 729 198 735; x_wconf 82' lang='grc'><em>,</em></span> <span class='ocrx_word' id='word_1_19' title='bbox 242 662 374 727; x_wconf 86' lang='lat' dir='ltr'>Neronis</span> <span class='ocrx_word' id='word_1_20' title='bbox 395 660 539 725; x_wconf 82' lang='lat' dir='ltr'><strong>Drusum</strong></span> <span class='ocrx_word' id='word_1_21' title='bbox 565 659 663 722; x_wconf 85' lang='lat' dir='ltr'>traxit</span> <span class='ocrx_word' id='word_1_22' title='bbox 683 657 716 723; x_wconf 90' lang='lat' dir='ltr'>in</span> <span class='ocrx_word' id='word_1_23' title='bbox 742 666 860 741; x_wconf 87' lang='lat' dir='ltr'>partes,</span> <span class='ocrx_word' id='word_1_24' title='bbox 889 678 945 740; x_wconf 89' lang='lat' dir='ltr'>spe</span> <span class='ocrx_word' id='word_1_25' title='bbox 972 656 1095 724; x_wconf 88' lang='lat' dir='ltr'>obiecta</span> <span class='ocrx_word' id='word_1_26' title='bbox 1120 658 1270 743; x_wconf 81' lang='lat' dir='ltr'>principis</span> 
     </span>
     <span class='ocr_line' id='line_1_5' title="bbox 242 745 1270 839; baseline -0.005 -18"><span class='ocrx_word' id='word_1_27' title='bbox 242 757 317 834; x_wconf 92' lang='lat' dir='ltr'>loci,</span> <span class='ocrx_word' id='word_1_28' title='bbox 349 756 376 820; x_wconf 92' lang='lat' dir='ltr'>si</span> <span class='ocrx_word' id='word_1_29' title='bbox 402 756 538 839; x_wconf 76' lang='lat' dir='ltr'>priorem</span> <span class='ocrx_word' id='word_1_30' title='bbox 568 761 669 818; x_wconf 91' lang='lat' dir='ltr'>aetate</span> <span class='ocrx_word' id='word_1_31' title='bbox 696 760 727 815; x_wconf 89' lang='lat' dir='ltr'>et</span> <span class='ocrx_word' id='word_1_32' title='bbox 752 751 814 815; x_wconf 91' lang='lat' dir='ltr'>iam</span> <span class='ocrx_word' id='word_1_33' title='bbox 846 750 1038 819; x_wconf 87' lang='lat' dir='ltr'>labefactum</span> <span class='ocrx_word' id='word_1_34' title='bbox 1067 745 1270 817; x_wconf 84' lang='lat' dir='ltr'>demovisset.</span> 
     </span>
     <span class='ocr_line' id='line_1_6' title="bbox 243 844 1273 934; baseline -0.005 -18"><span class='ocrx_word' id='word_1_35' title='bbox 243 862 332 916; x_wconf 88' lang='lat' dir='ltr'>atrox</span> <span class='ocrx_word' id='word_1_36' title='bbox 348 850 449 914; x_wconf 91' lang='lat' dir='ltr'>Drusi</span> <span class='ocrx_word' id='word_1_37' title='bbox 470 849 643 934; x_wconf 82' lang='lat' dir='ltr'>ingenium,</span> <span class='ocrx_word' id='word_1_38' title='bbox 668 868 761 931; x_wconf 89' lang='lat' dir='ltr'>super</span> <span class='ocrx_word' id='word_1_39' title='bbox 783 844 962 929; x_wconf 81' lang='lat' dir='ltr'>cupidinem</span> <span class='ocrx_word' id='word_1_40' title='bbox 987 846 1144 930; x_wconf 88' lang='lat' dir='ltr'>potentiae</span> <span class='ocrx_word' id='word_1_41' title='bbox 1167 855 1199 911; x_wconf 90' lang='lat' dir='ltr'>et</span> <span class='ocrx_word' id='word_1_42' title='bbox 1221 853 1273 911; x_wconf 81' lang='lat' dir='ltr'>&#39;so-</span> 
     </span>
     <span class='ocr_line' id='line_1_7' title="bbox 242 939 1273 1027; baseline -0.006 -17"><span class='ocrx_word' id='word_1_43' title='bbox 242 947 297 1010; x_wconf 90' lang='lat' dir='ltr'>lita</span> <span class='ocrx_word' id='word_1_44' title='bbox 310 944 458 1010; x_wconf 85' lang='lat' dir='ltr'>fratribus</span> <span class='ocrx_word' id='word_1_45' title='bbox 472 943 553 1020; x_wconf 88' lang='lat' dir='ltr'>odia,</span> <span class='ocrx_word' id='word_1_46' title='bbox 568 939 798 1007; x_wconf 81' lang='lat' dir='ltr'>accendebatur</span> <span class='ocrx_word' id='word_1_47' title='bbox 810 940 936 1017; x_wconf 86' lang='lat' dir='ltr'>invidia,</span> <span class='ocrx_word' id='word_1_48' title='bbox 950 941 1037 1022; x_wconf 91' lang='lat' dir='ltr'>quod</span> <span class='ocrx_word' id='word_1_49' title='bbox 1045 940 1273 1027; x_wconf 77' lang='lat' dir='ltr'>mater&#39;Agrip-</span> 
     </span>
     <span class='ocr_line' id='line_1_8' title="bbox 243 1030 1273 1126; baseline -0.004 -22"><span class='ocrx_word' id='word_1_50' title='bbox 243 1041 318 1126; x_wconf 89' lang='lat' dir='ltr'>pina</span> <span class='ocrx_word' id='word_1_51' title='bbox 347 1037 519 1124; x_wconf 85' lang='lat' dir='ltr'>promptior</span> <span class='ocrx_word' id='word_1_52' title='bbox 543 1035 661 1100; x_wconf 85' lang='lat' dir='ltr'>Neroni</span> <span class='ocrx_word' id='word_1_53' title='bbox 691 1042 779 1111; x_wconf 58' lang='lat' dir='ltr'>erata</span> <span class='ocrx_word' id='word_1_54' title='bbox 801 1055 903 1117; x_wconf 90' lang='lat' dir='ltr'>neque</span> <span class='ocrx_word' id='word_1_55' title='bbox 933 1043 1038 1098; x_wconf 91' lang='lat' dir='ltr'>tamen</span> <span class='ocrx_word' id='word_1_56' title='bbox 1066 1032 1202 1100; x_wconf 91' lang='lat' dir='ltr'>Seianus</span> <span class='ocrx_word' id='word_1_57' title='bbox 1228 1030 1273 1100; x_wconf 87' lang='lat' dir='ltr'>ita</span> 
     </span>
     <span class='ocr_line' id='line_1_9' title="bbox 243 1128 1273 1211; baseline -0.005 -13"><span class='ocrx_word' id='word_1_58' title='bbox 243 1134 386 1198; x_wconf 82' lang='lat' dir='ltr'>Drusum</span> <span class='ocrx_word' id='word_1_59' title='bbox 412 1130 540 1196; x_wconf 80' lang='lat' dir='ltr'>fovebat</span> <span class='ocrx_word' id='word_1_60' title='bbox 566 1139 601 1193; x_wconf 91' lang='lat' dir='ltr'>ut</span> <span class='ocrx_word' id='word_1_61' title='bbox 627 1151 691 1194; x_wconf 93' lang='lat' dir='ltr'>non</span> <span class='ocrx_word' id='word_1_62' title='bbox 715 1128 748 1192; x_wconf 92' lang='lat' dir='ltr'>in</span> <span class='ocrx_word' id='word_1_63' title='bbox 774 1150 847 1192; x_wconf 90' lang='lat' dir='ltr'>eum</span> <span class='ocrx_word' id='word_1_64' title='bbox 872 1149 997 1211; x_wconf 89' lang='lat' dir='ltr'>quoque</span> <span class='ocrx_word' id='word_1_65' title='bbox 1029 1128 1149 1203; x_wconf 82' lang='lat' dir='ltr'>semina,</span> <span class='ocrx_word' id='word_1_66' title='bbox 1175 1129 1273 1193; x_wconf 86' lang='lat' dir='ltr'>futuri</span> 
     </span>
     <span class='ocr_line' id='line_1_10' title="bbox 243 1222 1272 1313; baseline -0.005 -21"><span class='ocrx_word' id='word_1_67' title='bbox 243 1228 330 1293; x_wconf 83' lang='lat' dir='ltr'>exitii</span> <span class='ocrx_word' id='word_1_68' title='bbox 355 1226 568 1303; x_wconf 79' lang='lat' dir='ltr'>meditaretur,</span> <span class='ocrx_word' id='word_1_69' title='bbox 595 1223 947 1313; x_wconf 32' lang='lat' dir='ltr'>gnarus&#39;praeferocem</span> <span class='ocrx_word' id='word_1_70' title='bbox 969 1232 1000 1288; x_wconf 87' lang='lat' dir='ltr'>et</span> <span class='ocrx_word' id='word_1_71' title='bbox 1022 1222 1142 1288; x_wconf 82' lang='lat' dir='ltr'>insidiis</span> <span class='ocrx_word' id='word_1_72' title='bbox 1169 1223 1272 1310; x_wconf 85' lang='lat' dir='ltr'>magis</span> 
     </span>
     <span class='ocr_line' id='line_1_11' title="bbox 244 1327 1166 1408; baseline 0 -22"><span class='ocrx_word' id='word_1_73' title='bbox 244 1328 441 1408; x_wconf 84' lang='lat' dir='ltr'>oportunum.</span> <span class='ocrx_word' id='word_1_74' title='bbox 846 1393 848 1398; x_wconf 55' lang='grc'>,</span> <span class='ocrx_word' id='word_1_75' title='bbox 1162 1327 1166 1334; x_wconf 92' lang='grc'><em>’</em></span> 
     </span>
     <span class='ocr_line' id='line_1_12' title="bbox 193 1407 1272 1500; baseline -0.006 -16"><span class='ocrx_word' id='word_1_76' title='bbox 193 1435 224 1484; x_wconf 80' lang='lat' dir='ltr'>ol</span> <span class='ocrx_word' id='word_1_77' title='bbox 307 1415 397 1483; x_wconf 77' lang='lat' dir='ltr'>Fine.</span> <span class='ocrx_word' id='word_1_78' title='bbox 413 1415 486 1479; x_wconf 89' lang='lat' dir='ltr'>anni</span> <span class='ocrx_word' id='word_1_79' title='bbox 511 1435 675 1481; x_wconf 87' lang='lat' dir='ltr'>excessere</span> <span class='ocrx_word' id='word_1_80' title='bbox 705 1413 931 1500; x_wconf 68' lang='lat' dir='ltr'>insignes‘uiri</span> <span class='ocrx_word' id='word_1_81' title='bbox 956 1407 1089 1479; x_wconf 80' lang='lat' dir='ltr'>Asinius</span> <span class='ocrx_word' id='word_1_82' title='bbox 1116 1412 1272 1500; x_wconf 84' lang='lat' dir='ltr'>Agrippa,</span> 
     </span>
     <span class='ocr_line' id='line_1_13' title="bbox 242 1506 1358 1594; baseline -0.004 -18"><span class='ocrx_word' id='word_1_83' title='bbox 242 1511 334 1576; x_wconf 86' lang='lat' dir='ltr'>claris</span> <span class='ocrx_word' id='word_1_84' title='bbox 351 1509 522 1575; x_wconf 89' lang='lat' dir='ltr'>maioribus</span> <span class='ocrx_word' id='word_1_85' title='bbox 536 1508 780 1594; x_wconf 81' lang='lat' dir='ltr'>quamvetustis</span> <span class='ocrx_word' id='word_1_86' title='bbox 793 1509 927 1592; x_wconf 85' lang='lat' dir='ltr'>vitaque</span> <span class='ocrx_word' id='word_1_87' title='bbox 937 1530 1001 1573; x_wconf 93' lang='lat' dir='ltr'>non</span> <span class='ocrx_word' id='word_1_88' title='bbox 1018 1508 1165 1594; x_wconf 85' lang='lat' dir='ltr'>degener,</span> <span class='ocrx_word' id='word_1_89' title='bbox 1184 1506 1272 1591; x_wconf 86' lang='lat' dir='ltr'>etQ.</span> <span class='ocrx_word' id='word_1_90' title='bbox 1356 1581 1358 1584; x_wconf 23' lang='lat'>¹</span> 
     </span>
     <span class='ocr_line' id='line_1_14' title="bbox 174 1602 1274 1690; baseline -0.002 -22"><span class='ocrx_word' id='word_1_91' title='bbox 174 1644 179 1654; x_wconf 84' lang='lat'><strong>·</strong></span> <span class='ocrx_word' id='word_1_92' title='bbox 243 1604 409 1690; x_wconf 83' lang='lat' dir='ltr'>Haterius,</span> <span class='ocrx_word' id='word_1_93' title='bbox 433 1603 551 1668; x_wconf 82' lang='lat' dir='ltr'>familia</span> <span class='ocrx_word' id='word_1_94' title='bbox 569 1603 737 1680; x_wconf 89' lang='lat' dir='ltr'>senatoria,</span> <span class='ocrx_word' id='word_1_95' title='bbox 757 1602 975 1686; x_wconf 82' lang='lat' dir='ltr'>eloquentiae,</span> <span class='ocrx_word' id='word_1_96' title='bbox 989 1602 1093 1685; x_wconf 88' lang='lat' dir='ltr'>quaad</span> <span class='ocrx_word' id='word_1_97' title='bbox 1110 1602 1204 1680; x_wconf 84' lang='lat' dir='ltr'>vixit,</span> <span class='ocrx_word' id='word_1_98' title='bbox 1219 1623 1274 1671; x_wconf 85' lang='lat' dir='ltr'>¹ee·</span> 
     </span>
     <span class='ocr_line' id='line_1_15' title="bbox 244 1695 1272 1784; baseline 0 -23"><span class='ocrx_word' id='word_1_99' title='bbox 244 1696 395 1775; x_wconf 86' lang='lat' dir='ltr'>lebratae3</span> <span class='ocrx_word' id='word_1_100' title='bbox 415 1697 606 1763; x_wconf 88' lang='lat' dir='ltr'>monimenta</span> <span class='ocrx_word' id='word_1_101' title='bbox 622 1697 741 1784; x_wconf 90' lang='lat' dir='ltr'>ingenii</span> <span class='ocrx_word' id='word_1_102' title='bbox 753 1697 820 1761; x_wconf 91' lang='lat' dir='ltr'>eius</span> <span class='ocrx_word' id='word_1_103' title='bbox 838 1696 923 1764; x_wconf 90' lang='lat' dir='ltr'>haud</span> <span class='ocrx_word' id='word_1_104' title='bbox 940 1695 1068 1781; x_wconf 89' lang='lat' dir='ltr'>perinde</span> <span class='ocrx_word' id='word_1_105' title='bbox 1086 1696 1272 1761; x_wconf 88' lang='lat' dir='ltr'>retinentur:</span> 
     </span>
     <span class='ocr_line' id='line_1_16' title="bbox 245 1790 1274 1877; baseline 0 -21"><span class='ocrx_word' id='word_1_106' title='bbox 245 1790 363 1856; x_wconf 90' lang='lat' dir='ltr'>scilicet</span> <span class='ocrx_word' id='word_1_107' title='bbox 379 1792 499 1876; x_wconf 90' lang='lat' dir='ltr'>impetu</span> <span class='ocrx_word' id='word_1_108' title='bbox 520 1791 621 1877; x_wconf 90' lang='lat' dir='ltr'>magis</span> <span class='ocrx_word' id='word_1_109' title='bbox 644 1813 739 1874; x_wconf 90' lang='lat' dir='ltr'>quam</span> <span class='ocrx_word' id='word_1_110' title='bbox 762 1813 838 1856; x_wconf 88' lang='lat' dir='ltr'>cura</span> <span class='ocrx_word' id='word_1_111' title='bbox 860 1790 998 1877; x_wconf 82' lang='lat' dir='ltr'>vigebat,</span> <span class='ocrx_word' id='word_1_112' title='bbox 1022 1799 1119 1875; x_wconf 91' lang='lat' dir='ltr'>utque</span> <span class='ocrx_word' id='word_1_113' title='bbox 1141 1790 1274 1856; x_wconf 85' lang='lat' dir='ltr'>aliorum</span> 
     </span>
     <span class='ocr_line' id='line_1_17' title="bbox 244 1884 1274 1969; baseline 0.002 -20"><span class='ocrx_word' id='word_1_114' title='bbox 244 1885 404 1949; x_wconf 86' lang='lat' dir='ltr'>meditatio</span> <span class='ocrx_word' id='word_1_115' title='bbox 421 1894 454 1949; x_wconf 89' lang='lat' dir='ltr'>et</span> <span class='ocrx_word' id='word_1_116' title='bbox 470 1884 559 1949; x_wconf 90' lang='lat' dir='ltr'>labor</span> <span class='ocrx_word' id='word_1_117' title='bbox 575 1885 609 1949; x_wconf 91' lang='lat' dir='ltr'>in</span> <span class='ocrx_word' id='word_1_118' title='bbox 625 1893 786 1969; x_wconf 85' lang='lat' dir='ltr'>posterum</span> <span class='ocrx_word' id='word_1_119' title='bbox 808 1885 951 1962; x_wconf 83' lang='lat' dir='ltr'>valescit,</span> <span class='ocrx_word' id='word_1_120' title='bbox 975 1884 1020 1950; x_wconf 91' lang='lat' dir='ltr'>sio</span> <span class='ocrx_word' id='word_1_121' title='bbox 1037 1885 1162 1949; x_wconf 87' lang='lat' dir='ltr'>Haterii</span> <span class='ocrx_word' id='word_1_122' title='bbox 1180 1907 1274 1951; x_wconf 86' lang='lat' dir='ltr'>cano-</span> 
     </span>
     <span class='ocr_line' id='line_1_18' title="bbox 213 1977 1186 2064; baseline 0 -21"><span class='ocrx_word' id='word_1_123' title='bbox 213 2007 216 2011; x_wconf 92' lang='lat'>·</span> <span class='ocrx_word' id='word_1_124' title='bbox 244 1990 314 2043; x_wconf 86' lang='lat' dir='ltr'>rum</span> <span class='ocrx_word' id='word_1_125' title='bbox 329 1978 408 2043; x_wconf 90' lang='lat' dir='ltr'>illud</span> <span class='ocrx_word' id='word_1_126' title='bbox 426 1987 458 2043; x_wconf 91' lang='lat' dir='ltr'>et</span> <span class='ocrx_word' id='word_1_127' title='bbox 474 1978 631 2064; x_wconf 87' lang='lat' dir='ltr'>profluens</span> <span class='ocrx_word' id='word_1_128' title='bbox 650 1999 722 2043; x_wconf 90' lang='lat' dir='ltr'>cum</span> <span class='ocrx_word' id='word_1_129' title='bbox 739 1978 809 2063; x_wconf 90' lang='lat' dir='ltr'>ipso</span> <span class='ocrx_word' id='word_1_130' title='bbox 828 1977 921 2042; x_wconf 90' lang='lat' dir='ltr'>simul</span> <span class='ocrx_word' id='word_1_131' title='bbox 939 1979 1110 2043; x_wconf 86' lang='lat' dir='ltr'>extinctum</span> <span class='ocrx_word' id='word_1_132' title='bbox 1128 1987 1186 2043; x_wconf 90' lang='lat' dir='ltr'>est.</span> 
     </span>
     <span class='ocr_line' id='line_1_19' title="bbox 195 2070 1274 2157; baseline -0.002 -18"><span class='ocrx_word' id='word_1_133' title='bbox 195 2091 226 2139; x_wconf 79' lang='lat'>62</span> <span class='ocrx_word' id='word_1_134' title='bbox 308 2072 356 2136; x_wconf 90' lang='lat' dir='ltr'>M.</span> <span class='ocrx_word' id='word_1_135' title='bbox 374 2073 509 2150; x_wconf 77' lang='lat' dir='ltr'>chmio,</span> <span class='ocrx_word' id='word_1_136' title='bbox 532 2073 574 2137; x_wconf 91' lang='lat' dir='ltr'>L.</span> <span class='ocrx_word' id='word_1_137' title='bbox 595 2070 767 2137; x_wconf 76' lang='lat' dir='ltr'>Camarum</span> <span class='ocrx_word' id='word_1_138' title='bbox 786 2070 966 2136; x_wconf 88' lang='lat' dir='ltr'>consulibus</span> <span class='ocrx_word' id='word_1_139' title='bbox 984 2072 1159 2157; x_wconf 90' lang='lat' dir='ltr'>ingentium</span> <span class='ocrx_word' id='word_1_140' title='bbox 1176 2071 1274 2137; x_wconf 91' lang='lat' dir='ltr'>bello-</span> 
     </span>
     <span class='ocr_line' id='line_1_20' title="bbox 244 2165 1275 2250; baseline 0 -19"><span class='ocrx_word' id='word_1_141' title='bbox 244 2189 315 2231; x_wconf 87' lang='lat' dir='ltr'>rum</span> <span class='ocrx_word' id='word_1_142' title='bbox 332 2167 454 2232; x_wconf 88' lang='lat' dir='ltr'>cladem</span> <span class='ocrx_word' id='word_1_143' title='bbox 476 2167 622 2250; x_wconf 89' lang='lat' dir='ltr'>aequavit</span> <span class='ocrx_word' id='word_1_144' title='bbox 638 2165 756 2230; x_wconf 87' lang='lat' dir='ltr'>malum</span> <span class='ocrx_word' id='word_1_145' title='bbox 774 2166 982 2250; x_wconf 85' lang='lat' dir='ltr'>inprovisum3</span> <span class='ocrx_word' id='word_1_146' title='bbox 1005 2167 1073 2231; x_wconf 88' lang='lat' dir='ltr'>eius</span> <span class='ocrx_word' id='word_1_147' title='bbox 1091 2167 1214 2247; x_wconf 86' lang='lat' dir='ltr'>initium</span> <span class='ocrx_word' id='word_1_148' title='bbox 1233 2169 1275 2232; x_wconf 90' lang='lat' dir='ltr'>si-</span> 
     </span>
     <span class='ocr_line' id='line_1_21' title="bbox 193 2253 1275 2346; baseline -0.001 -21"><span class='ocrx_word' id='word_1_149' title='bbox 193 2253 196 2258; x_wconf 71' lang='grc'><strong>’</strong></span> <span class='ocrx_word' id='word_1_150' title='bbox 245 2260 311 2327; x_wconf 93' lang='lat' dir='ltr'>mul</span> <span class='ocrx_word' id='word_1_151' title='bbox 333 2271 364 2327; x_wconf 83' lang='lat' dir='ltr'>at</span> <span class='ocrx_word' id='word_1_152' title='bbox 386 2261 456 2325; x_wconf 86' lang='lat' dir='ltr'>finis</span> <span class='ocrx_word' id='word_1_153' title='bbox 483 2260 610 2325; x_wconf 81' lang='lat' dir='ltr'>exstitit.</span> <span class='ocrx_word' id='word_1_154' title='bbox 642 2282 716 2325; x_wconf 88' lang='lat' dir='ltr'>nam</span> <span class='ocrx_word' id='word_1_155' title='bbox 737 2270 848 2346; x_wconf 91' lang='lat' dir='ltr'>coepto</span> <span class='ocrx_word' id='word_1_156' title='bbox 870 2261 955 2346; x_wconf 88' lang='lat' dir='ltr'>apud</span> <span class='ocrx_word' id='word_1_157' title='bbox 975 2260 1130 2325; x_wconf 85' lang='lat' dir='ltr'>Fidenam</span> <span class='ocrx_word' id='word_1_158' title='bbox 1149 2261 1275 2346; x_wconf 86' lang='lat' dir='ltr'>amphi-</span> 
     </span>
     <span class='ocr_line' id='line_1_22' title="bbox 246 2353 1275 2447; baseline 0 -28"><span class='ocrx_word' id='word_1_159' title='bbox 246 2355 366 2419; x_wconf 89' lang='lat' dir='ltr'>theatro</span> <span class='ocrx_word' id='word_1_160' title='bbox 384 2353 502 2419; x_wconf 80' lang='lat' dir='ltr'>Atilius</span> <span class='ocrx_word' id='word_1_161' title='bbox 520 2354 649 2437; x_wconf 87' lang='lat' dir='ltr'>quidam</span> <span class='ocrx_word' id='word_1_162' title='bbox 665 2353 804 2447; x_wconf 66' lang='lat' dir='ltr'>libertini</span> <span class='ocrx_word' id='word_1_163' title='bbox 817 2354 955 2439; x_wconf 88' lang='lat' dir='ltr'>generis,</span> <span class='ocrx_word' id='word_1_164' title='bbox 978 2377 1041 2437; x_wconf 88' lang='lat' dir='ltr'>quo</span> <span class='ocrx_word' id='word_1_165' title='bbox 1060 2355 1275 2439; x_wconf 83' lang='lat' dir='ltr'>spectaculum</span> 
     </span>
     <span class='ocr_line' id='line_1_23' title="bbox 246 2445 1275 2534; baseline 0.001 -22"><span class='ocrx_word' id='word_1_166' title='bbox 246 2449 454 2534; x_wconf 84' lang='lat' dir='ltr'>gladiatorum</span> <span class='ocrx_word' id='word_1_167' title='bbox 479 2445 664 2526; x_wconf 88' lang='lat' dir='ltr'>celebraret,</span> <span class='ocrx_word' id='word_1_168' title='bbox 694 2470 797 2532; x_wconf 85' lang='lat' dir='ltr'>neque</span> <span class='ocrx_word' id='word_1_169' title='bbox 827 2448 1031 2514; x_wconf 78' lang='lat' dir='ltr'>fundamenta</span> <span class='ocrx_word' id='word_1_170' title='bbox 1056 2471 1112 2534; x_wconf 92' lang='lat' dir='ltr'>per</span> <span class='ocrx_word' id='word_1_171' title='bbox 1139 2449 1275 2514; x_wconf 93' lang='lat' dir='ltr'>solidum</span> 
     </span>
     <span class='ocr_line' id='line_1_24' title="bbox 247 2542 1275 2630; baseline 0 -23"><span class='ocrx_word' id='word_1_172' title='bbox 247 2542 399 2620; x_wconf 89' lang='lat' dir='ltr'>subdidit,</span> <span class='ocrx_word' id='word_1_173' title='bbox 417 2564 523 2626; x_wconf 47' lang='lat' dir='ltr'>&gt;neque</span> <span class='ocrx_word' id='word_1_174' title='bbox 541 2543 638 2608; x_wconf 86' lang='lat' dir='ltr'>firmis</span> <span class='ocrx_word' id='word_1_175' title='bbox 656 2543 789 2608; x_wconf 88' lang='lat' dir='ltr'>nexibus</span> <span class='ocrx_word' id='word_1_176' title='bbox 808 2542 944 2630; x_wconf 91' lang='lat' dir='ltr'>ligneam</span> <span class='ocrx_word' id='word_1_177' title='bbox 963 2565 1148 2629; x_wconf 90' lang='lat' dir='ltr'>compagem</span> <span class='ocrx_word' id='word_1_178' title='bbox 1167 2566 1275 2628; x_wconf 89' lang='lat' dir='ltr'>super-</span> 
     </span>
     <span class='ocr_line' id='line_1_25' title="bbox 247 2635 1333 2722; baseline 0 -22"><span class='ocrx_word' id='word_1_179' title='bbox 247 2638 372 2713; x_wconf 84' lang='lat' dir='ltr'>struxit,</span> <span class='ocrx_word' id='word_1_180' title='bbox 400 2637 510 2719; x_wconf 88' lang='lat' dir='ltr'>utqui</span> <span class='ocrx_word' id='word_1_181' title='bbox 532 2659 596 2701; x_wconf 93' lang='lat' dir='ltr'>non</span> <span class='ocrx_word' id='word_1_182' title='bbox 620 2635 811 2701; x_wconf 90' lang='lat' dir='ltr'>abundantia</span> <span class='ocrx_word' id='word_1_183' title='bbox 836 2637 987 2722; x_wconf 87' lang='lat' dir='ltr'>pecuniae</span> <span class='ocrx_word' id='word_1_184' title='bbox 1009 2659 1068 2701; x_wconf 89' lang='lat' dir='ltr'>neo</span> <span class='ocrx_word' id='word_1_185' title='bbox 1093 2637 1276 2722; x_wconf 82' lang='lat' dir='ltr'>municipali</span> <span class='ocrx_word' id='word_1_186' title='bbox 1306 2706 1333 2722; x_wconf 18' lang='grc' dir='ltr'>,ι</span> 
     </span>
     <span class='ocr_line' id='line_1_26' title="bbox 248 2729 1275 2816; baseline 0.002 -23"><span class='ocrx_word' id='word_1_187' title='bbox 248 2729 431 2805; x_wconf 89' lang='lat' dir='ltr'>ambitione,</span> <span class='ocrx_word' id='word_1_188' title='bbox 455 2729 512 2797; x_wconf 88' lang='lat' dir='ltr'>sed</span> <span class='ocrx_word' id='word_1_189' title='bbox 529 2729 562 2792; x_wconf 94' lang='lat' dir='ltr'>in</span> <span class='ocrx_word' id='word_1_190' title='bbox 580 2730 737 2794; x_wconf 86' lang='lat' dir='ltr'>sordidam</span> <span class='ocrx_word' id='word_1_191' title='bbox 754 2730 928 2794; x_wconf 85' lang='lat' dir='ltr'>mercedem</span> <span class='ocrx_word' id='word_1_192' title='bbox 949 2731 983 2794; x_wconf 92' lang='lat' dir='ltr'>id</span> <span class='ocrx_word' id='word_1_193' title='bbox 999 2731 1161 2816; x_wconf 90' lang='lat' dir='ltr'>negotium</span> <span class='ocrx_word' id='word_1_194' title='bbox 1176 2753 1275 2814; x_wconf 89' lang='lat' dir='ltr'>quae-</span> 
     </span>
     <span class='ocr_line' id='line_1_27' title="bbox 249 2820 1276 2909; baseline 0.002 -23"><span class='ocrx_word' id='word_1_195' title='bbox 249 2822 382 2887; x_wconf 85' lang='lat' dir='ltr'>sivisset.</span> <span class='ocrx_word' id='word_1_196' title='bbox 411 2820 568 2887; x_wconf 77' lang='lat' dir='ltr'>adfluxere</span> <span class='ocrx_word' id='word_1_197' title='bbox 591 2821 675 2889; x_wconf 78' lang='lat' dir='ltr'>auidi</span> <span class='ocrx_word' id='word_1_198' title='bbox 696 2823 821 2899; x_wconf 88' lang='lat' dir='ltr'>talium,</span> <span class='ocrx_word' id='word_1_199' title='bbox 842 2823 1039 2907; x_wconf 87' lang='lat' dir='ltr'>imperitante</span> <span class='ocrx_word' id='word_1_200' title='bbox 1057 2823 1186 2892; x_wconf 87' lang='lat' dir='ltr'>Tiberio</span> <span class='ocrx_word' id='word_1_201' title='bbox 1203 2846 1276 2909; x_wconf 90' lang='lat' dir='ltr'>pro-</span> 
     </span>
     <span class='ocr_line' id='line_1_28' title="bbox 247 2913 1275 2998; baseline 0.003 -18"><span class='ocrx_word' id='word_1_202' title='bbox 247 2915 299 2980; x_wconf 90' lang='lat' dir='ltr'>cul</span> <span class='ocrx_word' id='word_1_203' title='bbox 321 2913 534 2998; x_wconf 85' lang='lat' dir='ltr'>voluptatibus</span> <span class='ocrx_word' id='word_1_204' title='bbox 556 2915 669 2992; x_wconf 89' lang='lat' dir='ltr'>habiti,</span> <span class='ocrx_word' id='word_1_205' title='bbox 696 2917 784 2980; x_wconf 88' lang='lat' dir='ltr'>virile</span> <span class='ocrx_word' id='word_1_206' title='bbox 807 2938 844 2980; x_wconf 91' lang='lat' dir='ltr'>ac</span> <span class='ocrx_word' id='word_1_207' title='bbox 865 2915 1016 2981; x_wconf 87' lang='lat' dir='ltr'>muliebre</span> <span class='ocrx_word' id='word_1_208' title='bbox 1039 2939 1145 2995; x_wconf 87' lang='lat' dir='ltr'>secus,</span> <span class='ocrx_word' id='word_1_209' title='bbox 1173 2919 1275 2983; x_wconf 90' lang='lat' dir='ltr'>omnis</span> 
     </span>
     <span class='ocr_line' id='line_1_29' title="bbox 247 3007 1275 3096; baseline 0.003 -23"><span class='ocrx_word' id='word_1_210' title='bbox 247 3017 344 3085; x_wconf 86' lang='lat' dir='ltr'>aetas,</span> <span class='ocrx_word' id='word_1_211' title='bbox 363 3007 403 3072; x_wconf 92' lang='lat' dir='ltr'>ob</span> <span class='ocrx_word' id='word_1_212' title='bbox 417 3008 679 3092; x_wconf 84' lang='lat' dir='ltr'>propinquitatem</span> <span class='ocrx_word' id='word_1_213' title='bbox 697 3009 758 3077; x_wconf 87' lang='lat' dir='ltr'>loci</span> <span class='ocrx_word' id='word_1_214' title='bbox 771 3010 916 3087; x_wconf 80' lang='lat' dir='ltr'>effusius3</span> <span class='ocrx_word' id='word_1_215' title='bbox 935 3011 1017 3074; x_wconf 92' lang='lat' dir='ltr'>unde</span> <span class='ocrx_word' id='word_1_216' title='bbox 1035 3010 1160 3096; x_wconf 86' lang='lat' dir='ltr'>gravior</span> <span class='ocrx_word' id='word_1_217' title='bbox 1176 3012 1275 3096; x_wconf 89' lang='lat' dir='ltr'>pestis</span> 
     </span>
     <span class='ocr_line' id='line_1_30' title="bbox 248 3102 1276 3195; baseline 0.002 -27"><span class='ocrx_word' id='word_1_218' title='bbox 248 3102 323 3179; x_wconf 81' lang='lat' dir='ltr'>fuit,</span> <span class='ocrx_word' id='word_1_219' title='bbox 341 3102 480 3167; x_wconf 89' lang='lat' dir='ltr'>conferta</span> <span class='ocrx_word' id='word_1_220' title='bbox 497 3103 593 3179; x_wconf 90' lang='lat' dir='ltr'>mole,</span> <span class='ocrx_word' id='word_1_221' title='bbox 616 3104 689 3168; x_wconf 90' lang='lat' dir='ltr'>dein</span> <span class='ocrx_word' id='word_1_222' title='bbox 706 3105 869 3195; x_wconf 82' lang='lat' dir='ltr'>convulsa,</span> <span class='ocrx_word' id='word_1_223' title='bbox 894 3106 969 3168; x_wconf 91' lang='lat' dir='ltr'>dum</span> <span class='ocrx_word' id='word_1_224' title='bbox 986 3106 1048 3169; x_wconf 89' lang='lat' dir='ltr'>ruit</span> <span class='ocrx_word' id='word_1_225' title='bbox 1068 3106 1157 3171; x_wconf 90' lang='lat' dir='ltr'>intus</span> <span class='ocrx_word' id='word_1_226' title='bbox 1172 3115 1226 3170; x_wconf 91' lang='lat' dir='ltr'>aut</span> <span class='ocrx_word' id='word_1_227' title='bbox 1243 3107 1276 3170; x_wconf 91' lang='lat' dir='ltr'>in</span> 
     </span>
     <span class='ocr_line' id='line_1_31' title="bbox 249 3196 1277 3287; baseline 0.004 -26"><span class='ocrx_word' id='word_1_228' title='bbox 249 3196 402 3261; x_wconf 83' lang='lat' dir='ltr'>exteriora</span> <span class='ocrx_word' id='word_1_229' title='bbox 420 3197 589 3263; x_wconf 79' lang='lat' dir='ltr'>effunditur</span> <span class='ocrx_word' id='word_1_230' title='bbox 600 3198 848 3282; x_wconf 89' lang='lat' dir='ltr'>immensamque</span> <span class='ocrx_word' id='word_1_231' title='bbox 866 3199 930 3263; x_wconf 91' lang='lat' dir='ltr'>vim</span> <span class='ocrx_word' id='word_1_232' title='bbox 947 3200 1134 3277; x_wconf 86' lang='lat' dir='ltr'>mortalium,</span> <span class='ocrx_word' id='word_1_233' title='bbox 1155 3210 1277 3287; x_wconf 87' lang='lat' dir='ltr'>speeta-</span> 
     </span>
     <span class='ocr_line' id='line_1_32' title="bbox 249 3291 1277 3379; baseline 0.003 -23"><span class='ocrx_word' id='word_1_234' title='bbox 249 3292 319 3356; x_wconf 93' lang='lat' dir='ltr'>culo</span> <span class='ocrx_word' id='word_1_235' title='bbox 340 3291 476 3356; x_wconf 91' lang='lat' dir='ltr'>intentos</span> <span class='ocrx_word' id='word_1_236' title='bbox 503 3301 557 3375; x_wconf 85' lang='lat' dir='ltr'>aut</span> <span class='ocrx_word' id='word_1_237' title='bbox 577 3293 632 3375; x_wconf 92' lang='lat' dir='ltr'>qui</span> <span class='ocrx_word' id='word_1_238' title='bbox 655 3293 771 3365; x_wconf 89' lang='lat' dir='ltr'>circum</span> <span class='ocrx_word' id='word_1_239' title='bbox 798 3293 977 3371; x_wconf 89' lang='lat' dir='ltr'>adstabant,</span> <span class='ocrx_word' id='word_1_240' title='bbox 1004 3316 1155 3379; x_wconf 89' lang='lat' dir='ltr'>praeceps</span> <span class='ocrx_word' id='word_1_241' title='bbox 1182 3295 1277 3359; x_wconf 88' lang='lat' dir='ltr'>trahit</span> 
     </span>
     <span class='ocr_line' id='line_1_33' title="bbox 249 3386 1279 3475; baseline 0.004 -25"><span class='ocrx_word' id='word_1_242' title='bbox 249 3395 343 3469; x_wconf 90' lang='lat' dir='ltr'>atque</span> <span class='ocrx_word' id='word_1_243' title='bbox 369 3386 478 3470; x_wconf 85' lang='lat' dir='ltr'>operit.</span> <span class='ocrx_word' id='word_1_244' title='bbox 510 3395 541 3450; x_wconf 91' lang='lat' dir='ltr'>et</span> <span class='ocrx_word' id='word_1_245' title='bbox 561 3386 606 3450; x_wconf 94' lang='lat' dir='ltr'>illi</span> <span class='ocrx_word' id='word_1_246' title='bbox 632 3387 759 3471; x_wconf 88' lang='lat' dir='ltr'>quidem</span> <span class='ocrx_word' id='word_1_247' title='bbox 785 3409 864 3470; x_wconf 91' lang='lat' dir='ltr'>quos</span> <span class='ocrx_word' id='word_1_248' title='bbox 890 3388 1078 3472; x_wconf 88' lang='lat' dir='ltr'>principium</span> <span class='ocrx_word' id='word_1_249' title='bbox 1104 3390 1218 3475; x_wconf 84' lang='lat' dir='ltr'>stragis</span> <span class='ocrx_word' id='word_1_250' title='bbox 1245 3389 1279 3453; x_wconf 90' lang='lat' dir='ltr'>in</span> 
     </span>
     <span class='ocr_line' id='line_1_34' title="bbox 250 3481 1277 3568; baseline 0.004 -25"><span class='ocrx_word' id='word_1_251' title='bbox 250 3489 382 3547; x_wconf 90' lang='lat' dir='ltr'>mortem</span> <span class='ocrx_word' id='word_1_252' title='bbox 399 3481 574 3558; x_wconf 87' lang='lat' dir='ltr'>adflixerat,</span> <span class='ocrx_word' id='word_1_253' title='bbox 597 3491 632 3545; x_wconf 88' lang='lat' dir='ltr'>ut</span> <span class='ocrx_word' id='word_1_254' title='bbox 650 3482 713 3546; x_wconf 87' lang='lat' dir='ltr'>tali.</span> <span class='ocrx_word' id='word_1_255' title='bbox 728 3492 825 3559; x_wconf 93' lang='lat' dir='ltr'>sorte,</span> <span class='ocrx_word' id='word_1_256' title='bbox 849 3482 1020 3546; x_wconf 90' lang='lat' dir='ltr'>cruciatum</span> <span class='ocrx_word' id='word_1_257' title='bbox 1042 3482 1196 3568; x_wconf 86' lang='lat' dir='ltr'>effugere:</span> <span class='ocrx_word' id='word_1_258' title='bbox 1219 3484 1277 3547; x_wconf 92' lang='lat' dir='ltr'>mi-</span> 
     </span>
     <span class='ocr_line' id='line_1_35' title="bbox 250 3574 1278 3660; baseline 0.004 -23"><span class='ocrx_word' id='word_1_259' title='bbox 250 3574 374 3638; x_wconf 89' lang='lat' dir='ltr'>serandi</span> <span class='ocrx_word' id='word_1_260' title='bbox 396 3574 511 3659; x_wconf 84' lang='lat' dir='ltr'>magis,</span> <span class='ocrx_word' id='word_1_261' title='bbox 535 3595 613 3656; x_wconf 91' lang='lat' dir='ltr'>quos</span> <span class='ocrx_word' id='word_1_262' title='bbox 636 3575 769 3660; x_wconf 89' lang='lat' dir='ltr'>abrupta</span> <span class='ocrx_word' id='word_1_263' title='bbox 785 3586 873 3660; x_wconf 90' lang='lat' dir='ltr'>parte</span> <span class='ocrx_word' id='word_1_264' title='bbox 895 3576 1032 3660; x_wconf 86' lang='lat' dir='ltr'>corporis</span> <span class='ocrx_word' id='word_1_265' title='bbox 1055 3576 1195 3641; x_wconf 87' lang='lat' dir='ltr'>nondum</span> <span class='ocrx_word' id='word_1_266' title='bbox 1212 3577 1278 3641; x_wconf 88' lang='lat' dir='ltr'>vita</span> 
     </span>
     <span class='ocr_line' id='line_1_36' title="bbox 251 3668 1278 3755; baseline 0.004 -23"><span class='ocrx_word' id='word_1_267' title='bbox 251 3668 443 3746; x_wconf 84' lang='lat' dir='ltr'>deseruerat3</span> <span class='ocrx_word' id='word_1_268' title='bbox 467 3668 521 3753; x_wconf 94' lang='lat' dir='ltr'>qui</span> <span class='ocrx_word' id='word_1_269' title='bbox 542 3691 599 3754; x_wconf 90' lang='lat' dir='ltr'>per</span> <span class='ocrx_word' id='word_1_270' title='bbox 620 3670 704 3735; x_wconf 90' lang='lat' dir='ltr'>diem</span> <span class='ocrx_word' id='word_1_271' title='bbox 721 3670 806 3747; x_wconf 84' lang='lat' dir='ltr'>visu,</span> <span class='ocrx_word' id='word_1_272' title='bbox 828 3693 885 3755; x_wconf 88' lang='lat' dir='ltr'>per</span> <span class='ocrx_word' id='word_1_273' title='bbox 905 3670 1223 3736; x_wconf 80' lang='lat' dir='ltr'>noctemululatibus</span> <span class='ocrx_word' id='word_1_274' title='bbox 1246 3681 1278 3737; x_wconf 89' lang='lat' dir='ltr'>et</span> 
     </span>
     <span class='ocr_line' id='line_1_37' title="bbox 211 3763 1278 3854; baseline 0.005 -28"><span class='ocrx_word' id='word_1_275' title='bbox 211 3848 215 3854; x_wconf 11' lang='grc' dir='ltr'><strong>ἢ</strong></span> <span class='ocrx_word' id='word_1_276' title='bbox 250 3763 370 3848; x_wconf 85' lang='lat' dir='ltr'>gemitu</span> <span class='ocrx_word' id='word_1_277' title='bbox 393 3763 542 3848; x_wconf 87' lang='lat' dir='ltr'>coniuges</span> <span class='ocrx_word' id='word_1_278' title='bbox 565 3773 619 3828; x_wconf 89' lang='lat' dir='ltr'>aut</span> <span class='ocrx_word' id='word_1_279' title='bbox 639 3764 753 3830; x_wconf 90' lang='lat' dir='ltr'>liberos</span> <span class='ocrx_word' id='word_1_280' title='bbox 775 3764 957 3830; x_wconf 88' lang='lat' dir='ltr'>noscebant.</span> <span class='ocrx_word' id='word_1_281' title='bbox 981 3765 1052 3844; x_wconf 14' lang='lat' dir='ltr'>,iam</span> <span class='ocrx_word' id='word_1_282' title='bbox 1074 3766 1170 3840; x_wconf 88' lang='lat' dir='ltr'>ceteri</span> <span class='ocrx_word' id='word_1_283' title='bbox 1192 3765 1278 3831; x_wconf 86' lang='lat' dir='ltr'>fama</span> 
     </span>
     <span class='ocr_line' id='line_1_38' title="bbox 251 3856 1278 3944; baseline 0.005 -26"><span class='ocrx_word' id='word_1_284' title='bbox 251 3856 353 3934; x_wconf 81' lang='lat' dir='ltr'>exciti,</span> <span class='ocrx_word' id='word_1_285' title='bbox 372 3856 424 3920; x_wconf 90' lang='lat' dir='ltr'>hio</span> <span class='ocrx_word' id='word_1_286' title='bbox 436 3857 573 3935; x_wconf 88' lang='lat' dir='ltr'>fratrem,</span> <span class='ocrx_word' id='word_1_287' title='bbox 591 3859 800 3943; x_wconf 89' lang='lat' dir='ltr'>propinquum</span> <span class='ocrx_word' id='word_1_288' title='bbox 818 3859 879 3936; x_wconf 91' lang='lat' dir='ltr'>ille,</span> <span class='ocrx_word' id='word_1_289' title='bbox 898 3859 978 3939; x_wconf 86' lang='lat' dir='ltr'>alius</span> <span class='ocrx_word' id='word_1_290' title='bbox 996 3867 1141 3944; x_wconf 85' lang='lat' dir='ltr'>parentes</span> <span class='ocrx_word' id='word_1_291' title='bbox 1158 3859 1278 3923; x_wconf 91' lang='lat' dir='ltr'>lamen-</span> 
     </span>
     <span class='ocr_line' id='line_1_39' title="bbox 252 3949 1278 4034; baseline 0.008 -23"><span class='ocrx_word' id='word_1_292' title='bbox 252 3949 324 4026; x_wconf 83' lang='lat' dir='ltr'>tari3</span> <span class='ocrx_word' id='word_1_293' title='bbox 347 3950 441 4014; x_wconf 86' lang='lat' dir='ltr'>etiam</span> <span class='ocrx_word' id='word_1_294' title='bbox 463 3974 595 4034; x_wconf 91' lang='lat' dir='ltr'>quorum</span> <span class='ocrx_word' id='word_1_295' title='bbox 613 3950 736 4017; x_wconf 89' lang='lat' dir='ltr'>diversa</span> <span class='ocrx_word' id='word_1_296' title='bbox 753 3951 792 4018; x_wconf 91' lang='lat' dir='ltr'>de</span> <span class='ocrx_word' id='word_1_297' title='bbox 811 3974 907 4018; x_wconf 87' lang='lat' dir='ltr'>causa</span> <span class='ocrx_word' id='word_1_298' title='bbox 924 3953 1018 4018; x_wconf 91' lang='lat' dir='ltr'>amici</span> <span class='ocrx_word' id='word_1_299' title='bbox 1036 3962 1090 4018; x_wconf 91' lang='lat' dir='ltr'>aut</span> <span class='ocrx_word' id='word_1_300' title='bbox 1106 3953 1278 4019; x_wconf 88' lang='lat' dir='ltr'>necessarii</span> 
     </span>
     <span class='ocr_line' id='line_1_40' title="bbox 252 4039 1277 4133; baseline 0.002 -23"><span class='ocrx_word' id='word_1_301' title='bbox 252 4039 395 4119; x_wconf 85' lang='lat' dir='ltr'>aberant,</span> <span class='ocrx_word' id='word_1_302' title='bbox 413 4066 526 4128; x_wconf 89' lang='lat' dir='ltr'>pavere</span> <span class='ocrx_word' id='word_1_303' title='bbox 544 4055 663 4123; x_wconf 74' lang='lat' dir='ltr'>tamem</span> <span class='ocrx_word' id='word_1_304' title='bbox 686 4046 864 4129; x_wconf 89' lang='lat' dir='ltr'>nequedum</span> <span class='ocrx_word' id='word_1_305' title='bbox 879 4057 1041 4133; x_wconf 90' lang='lat' dir='ltr'>comperto</span> <span class='ocrx_word' id='word_1_306' title='bbox 1058 4071 1139 4132; x_wconf 89' lang='lat' dir='ltr'>quos</span> <span class='ocrx_word' id='word_1_307' title='bbox 1156 4048 1211 4113; x_wconf 87' lang='lat' dir='ltr'>illa</span> <span class='ocrx_word' id='word_1_308' title='bbox 1227 4048 1277 4112; x_wconf 88' lang='lat' dir='ltr'>vis</span> 
     </span>
     <span class='ocr_line' id='line_1_41' title="bbox 203 4135 1279 4223; baseline 0.008 -24"><span class='ocrx_word' id='word_1_309' title='bbox 203 4151 235 4200; x_wconf 81' lang='lat'>63</span> <span class='ocrx_word' id='word_1_310' title='bbox 252 4135 450 4219; x_wconf 90' lang='lat' dir='ltr'>perculisset,</span> <span class='ocrx_word' id='word_1_311' title='bbox 472 4136 562 4203; x_wconf 89' lang='lat' dir='ltr'>latior</span> <span class='ocrx_word' id='word_1_312' title='bbox 583 4160 624 4203; x_wconf 82' lang='lat' dir='ltr'>ex</span> <span class='ocrx_word' id='word_1_313' title='bbox 645 4139 762 4209; x_wconf 85' lang='lat' dir='ltr'>incerto</span> <span class='ocrx_word' id='word_1_314' title='bbox 783 4150 895 4208; x_wconf 90' lang='lat' dir='ltr'>metus.</span> <span class='ocrx_word' id='word_1_315' title='bbox 923 4152 958 4207; x_wconf 91' lang='lat' dir='ltr'>ut</span> <span class='ocrx_word' id='word_1_316' title='bbox 975 4141 1279 4223; x_wconf 77' lang='lat' dir='ltr'>coepere‘dimoveri</span> 
     </span>
    </p>
   </div>
   <div class='ocr_carea' id='block_1_3' title="bbox 0 0 1400 4874">
    <p class='ocr_par' dir='ltr' id='par_1_3' title="bbox 0 0 1400 4874">
     <span class='ocr_line' id='line_1_42' title="bbox 0 0 1400 4874; baseline 0 0"><span class='ocrx_word' id='word_1_317' title='bbox 0 0 1400 4874; x_wconf 95' lang='lat' dir='ltr'> </span> 
     </span>
    </p>
   </div>
  </div>
 </body>
</html>
