<?xml version="1.0" encoding="UTF-8"?>
<!DOCTYPE html PUBLIC "-//W3C//DTD XHTML 1.0 Transitional//EN"
    "http://www.w3.org/TR/xhtml1/DTD/xhtml1-transitional.dtd">
<html xmlns="http://www.w3.org/1999/xhtml" xml:lang="en" lang="en">
 <head>
  <title>
</title>
<meta http-equiv="Content-Type" content="text/html;charset=utf-8" />
  <meta name='ocr-system' content='tesseract 3.04.00' />
  <meta name='ocr-capabilities' content='ocr_page ocr_carea ocr_par ocr_line ocrx_word'/>
</head>
<body>
  <div class='ocr_page' id='page_1' title='image "./corneliitacitio01haasgoog_0148.png"; bbox 0 0 2760 4874; ppageno 0'>
   <div class='ocr_carea' id='block_1_1' title="bbox 135 235 1157 391">
    <p class='ocr_par' dir='ltr' id='par_1_1' title="bbox 135 235 1157 391">
     <span class='ocr_line' id='line_1_1' title="bbox 409 235 1157 303; baseline -0.001 -4"><span class='ocrx_word' id='word_1_1' title='bbox 409 243 616 303; x_wconf 78' lang='lat' dir='ltr'>ANNALIUM</span> <span class='ocrx_word' id='word_1_2' title='bbox 633 244 707 298; x_wconf 49' lang='lat'>1113,</span> <span class='ocrx_word' id='word_1_3' title='bbox 722 244 759 298; x_wconf 91' lang='lat'>11.</span> <span class='ocrx_word' id='word_1_4' title='bbox 777 246 895 299; x_wconf 87' lang='grc'><strong>61-65,</strong></span> <span class='ocrx_word' id='word_1_5' title='bbox 1119 235 1157 298; x_wconf 80' lang='lat' dir='ltr'>&#39;ll</span> 
     </span>
     <span class='ocr_line' id='line_1_2' title="bbox 135 340 257 391; baseline -0.025 -11"><span class='ocrx_word' id='word_1_6' title='bbox 135 353 157 391; x_wconf 75' lang='lat' dir='ltr'>p.</span> <span class='ocrx_word' id='word_1_7' title='bbox 169 340 213 380; x_wconf 75' lang='lat' dir='ltr'>cu</span> <span class='ocrx_word' id='word_1_8' title='bbox 223 341 257 379; x_wconf 85' lang='lat' dir='ltr'>ro.</span> 
     </span>
    </p>
   </div>
   <div class='ocr_carea' id='block_1_2' title="bbox 46 401 1218 4075">
    <p class='ocr_par' dir='ltr' id='par_1_2' title="bbox 135 401 1163 1146">
     <span class='ocr_line' id='line_1_3' title="bbox 136 401 1161 488; baseline -0.004 -14"><span class='ocrx_word' id='word_1_9' title='bbox 136 405 364 488; x_wconf 87' lang='lat' dir='ltr'>consenuitque</span> <span class='ocrx_word' id='word_1_10' title='bbox 389 402 522 467; x_wconf 91' lang='lat' dir='ltr'>multum</span> <span class='ocrx_word' id='word_1_11' title='bbox 547 401 710 465; x_wconf 88' lang='lat' dir='ltr'>imminuta</span> <span class='ocrx_word' id='word_1_12' title='bbox 736 402 873 467; x_wconf 87' lang='lat' dir='ltr'>claritate</span> <span class='ocrx_word' id='word_1_13' title='bbox 899 404 939 470; x_wconf 94' lang='lat' dir='ltr'>ob</span> <span class='ocrx_word' id='word_1_14' title='bbox 967 405 1093 470; x_wconf 83' lang='lat' dir='ltr'>nimiam</span> <span class='ocrx_word' id='word_1_15' title='bbox 1116 408 1161 470; x_wconf 81' lang='lat' dir='ltr'>vi-</span> 
     </span>
     <span class='ocr_line' id='line_1_4' title="bbox 135 494 1161 586; baseline -0.002 -18"><span class='ocrx_word' id='word_1_16' title='bbox 135 502 235 568; x_wconf 83' lang='lat' dir='ltr'>vendi</span> <span class='ocrx_word' id='word_1_17' title='bbox 250 498 438 584; x_wconf 83' lang='lat' dir='ltr'><strong>cupidinem.</strong></span> <span class='ocrx_word' id='word_1_18' title='bbox 464 496 548 560; x_wconf 91' lang='lat' dir='ltr'>idem</span> <span class='ocrx_word' id='word_1_19' title='bbox 568 494 740 561; x_wconf 81' lang='lat' dir='ltr'>Catualdae</span> <span class='ocrx_word' id='word_1_20' title='bbox 758 519 849 562; x_wconf 91' lang='lat' dir='ltr'>casus</span> <span class='ocrx_word' id='word_1_21' title='bbox 871 521 973 582; x_wconf 92' lang='lat' dir='ltr'>neque</span> <span class='ocrx_word' id='word_1_22' title='bbox 990 500 1075 565; x_wconf 88' lang='lat' dir='ltr'>aliud</span> <span class='ocrx_word' id='word_1_23' title='bbox 1092 524 1161 586; x_wconf 91' lang='lat' dir='ltr'>per-</span> 
     </span>
     <span class='ocr_line' id='line_1_5' title="bbox 135 590 1161 682; baseline 0.001 -22"><span class='ocrx_word' id='word_1_24' title='bbox 135 596 262 682; x_wconf 84' lang='lat' dir='ltr'>fugium</span> <span class='ocrx_word' id='word_1_25' title='bbox 269 619 281 658; x_wconf 84' lang='lat'>:-</span> <span class='ocrx_word' id='word_1_26' title='bbox 299 592 411 678; x_wconf 91' lang='lat' dir='ltr'>pulsus</span> <span class='ocrx_word' id='word_1_27' title='bbox 428 590 514 654; x_wconf 90' lang='lat' dir='ltr'>haud</span> <span class='ocrx_word' id='word_1_28' title='bbox 530 590 628 655; x_wconf 90' lang='lat' dir='ltr'>multo</span> <span class='ocrx_word' id='word_1_29' title='bbox 649 600 722 675; x_wconf 90' lang='lat' dir='ltr'>post</span> <span class='ocrx_word' id='word_1_30' title='bbox 738 591 1030 659; x_wconf 84' lang='lat' dir='ltr'>Hermundurorum</span> <span class='ocrx_word' id='word_1_31' title='bbox 1049 596 1161 680; x_wconf 88' lang='lat' dir='ltr'>opibus</span> 
     </span>
     <span class='ocr_line' id='line_1_6' title="bbox 140 683 1160 769; baseline 0.003 -17"><span class='ocrx_word' id='word_1_32' title='bbox 140 701 171 753; x_wconf 90' lang='lat' dir='ltr'>et</span> <span class='ocrx_word' id='word_1_33' title='bbox 185 687 307 754; x_wconf 86' lang='lat' dir='ltr'>Vibilio</span> <span class='ocrx_word' id='word_1_34' title='bbox 325 685 419 762; x_wconf 90' lang='lat' dir='ltr'>duce,</span> <span class='ocrx_word' id='word_1_35' title='bbox 438 694 643 769; x_wconf 91' lang='lat' dir='ltr'>receptusque</span> <span class='ocrx_word' id='word_1_36' title='bbox 664 685 782 749; x_wconf 90' lang='lat' dir='ltr'>Forum</span> <span class='ocrx_word' id='word_1_37' title='bbox 800 683 931 765; x_wconf 90' lang='lat' dir='ltr'>lulium,</span> <span class='ocrx_word' id='word_1_38' title='bbox 949 687 1160 756; x_wconf 81' lang='lat' dir='ltr'>Narbonensis</span> 
     </span>
     <span class='ocr_line' id='line_1_7' title="bbox 140 778 1162 864; baseline -0.002 -15"><span class='ocrx_word' id='word_1_39' title='bbox 140 780 265 849; x_wconf 84' lang='lat' dir='ltr'>Galliae</span> <span class='ocrx_word' id='word_1_40' title='bbox 282 779 450 856; x_wconf 88' lang='lat' dir='ltr'>coloniam,</span> <span class='ocrx_word' id='word_1_41' title='bbox 468 779 614 855; x_wconf 89' lang='lat' dir='ltr'>mittitur;</span> <span class='ocrx_word' id='word_1_42' title='bbox 632 778 756 843; x_wconf 89' lang='lat' dir='ltr'>barbari</span> <span class='ocrx_word' id='word_1_43' title='bbox 774 791 939 864; x_wconf 91' lang='lat' dir='ltr'>utrumque</span> <span class='ocrx_word' id='word_1_44' title='bbox 957 783 1103 860; x_wconf 89' lang='lat' dir='ltr'>comitati,</span> <span class='ocrx_word' id='word_1_45' title='bbox 1122 807 1162 848; x_wconf 89' lang='lat' dir='ltr'>nc</span> 
     </span>
     <span class='ocr_line' id='line_1_8' title="bbox 139 872 1163 962; baseline -0.001 -20"><span class='ocrx_word' id='word_1_46' title='bbox 139 878 261 961; x_wconf 87' lang='lat' dir='ltr'>quietas</span> <span class='ocrx_word' id='word_1_47' title='bbox 274 874 450 962; x_wconf 85' lang='lat' dir='ltr'>provincias</span> <span class='ocrx_word' id='word_1_48' title='bbox 462 874 596 938; x_wconf 80' lang='lat' dir='ltr'>immixti</span> <span class='ocrx_word' id='word_1_49' title='bbox 610 873 776 951; x_wconf 79' lang='lat' dir='ltr'>turbarent,</span> <span class='ocrx_word' id='word_1_50' title='bbox 795 872 978 940; x_wconf 86' lang='lat' dir='ltr'>Danuvium</span> <span class='ocrx_word' id='word_1_51' title='bbox 991 876 1071 941; x_wconf 89' lang='lat' dir='ltr'>ultra</span> <span class='ocrx_word' id='word_1_52' title='bbox 1083 876 1163 942; x_wconf 83' lang='lat' dir='ltr'>inter</span> 
     </span>
     <span class='ocr_line' id='line_1_9' title="bbox 139 965 1163 1057; baseline -0.001 -20"><span class='ocrx_word' id='word_1_53' title='bbox 139 971 269 1037; x_wconf 76' lang='lat' dir='ltr'>flumme</span> <span class='ocrx_word' id='word_1_54' title='bbox 282 969 409 1034; x_wconf 87' lang='lat' dir='ltr'>Marum</span> <span class='ocrx_word' id='word_1_55' title='bbox 427 978 458 1032; x_wconf 91' lang='lat' dir='ltr'>et</span> <span class='ocrx_word' id='word_1_56' title='bbox 472 965 593 1032; x_wconf 87' lang='lat' dir='ltr'>Cusum</span> <span class='ocrx_word' id='word_1_57' title='bbox 606 968 756 1045; x_wconf 87' lang='lat' dir='ltr'>locantur,</span> <span class='ocrx_word' id='word_1_58' title='bbox 775 968 848 1032; x_wconf 91' lang='lat' dir='ltr'>dato</span> <span class='ocrx_word' id='word_1_59' title='bbox 861 992 935 1055; x_wconf 86' lang='lat' dir='ltr'>rege</span> <span class='ocrx_word' id='word_1_60' title='bbox 948 968 1073 1035; x_wconf 88' lang='lat' dir='ltr'>Vannio</span> <span class='ocrx_word' id='word_1_61' title='bbox 1086 993 1163 1057; x_wconf 86' lang='lat' dir='ltr'>gen·</span> 
     </span>
     <span class='ocr_line' id='line_1_10' title="bbox 140 1064 394 1146; baseline -0.012 -16"><span class='ocrx_word' id='word_1_62' title='bbox 140 1066 180 1130; x_wconf 91' lang='lat' dir='ltr'>tis</span> <span class='ocrx_word' id='word_1_63' title='bbox 191 1064 394 1146; x_wconf 72' lang='lat' dir='ltr'>Quadorum.</span> 
     </span>
    </p>

    <p class='ocr_par' dir='ltr' id='par_1_3' title="bbox 46 1154 1212 2844">
     <span class='ocr_line' id='line_1_11' title="bbox 189 1154 1212 1242; baseline 0.005 -17"><span class='ocrx_word' id='word_1_64' title='bbox 189 1157 310 1225; x_wconf 84' lang='lat' dir='ltr'>-Simul</span> <span class='ocrx_word' id='word_1_65' title='bbox 322 1157 463 1222; x_wconf 88' lang='lat' dir='ltr'>nuntiato</span> <span class='ocrx_word' id='word_1_66' title='bbox 476 1178 584 1242; x_wconf 86' lang='lat' dir='ltr'>regern</span> <span class='ocrx_word' id='word_1_67' title='bbox 598 1154 751 1220; x_wconf 84' lang='lat' dir='ltr'>Artaxian</span> <span class='ocrx_word' id='word_1_68' title='bbox 764 1154 923 1222; x_wconf 83' lang='lat' dir='ltr'>Armeniis</span> <span class='ocrx_word' id='word_1_69' title='bbox 942 1183 961 1222; x_wconf 91' lang='lat' dir='ltr'>a</span> <span class='ocrx_word' id='word_1_70' title='bbox 975 1156 1163 1226; x_wconf 87' lang='lat' dir='ltr'>Germanico</span> <span class='ocrx_word' id='word_1_71' title='bbox 1181 1184 1212 1230; x_wconf 75' lang='lat' dir='ltr'>ct</span> 
     </span>
     <span class='ocr_line' id='line_1_12' title="bbox 139 1247 1164 1337; baseline 0.002 -19"><span class='ocrx_word' id='word_1_72' title='bbox 139 1254 249 1318; x_wconf 88' lang='lat' dir='ltr'>datum</span> <span class='ocrx_word' id='word_1_73' title='bbox 262 1254 427 1317; x_wconf 88' lang='lat' dir='ltr'>decrevere</span> <span class='ocrx_word' id='word_1_74' title='bbox 439 1262 544 1337; x_wconf 90' lang='lat' dir='ltr'>patres</span> <span class='ocrx_word' id='word_1_75' title='bbox 557 1259 592 1315; x_wconf 93' lang='lat' dir='ltr'>ut</span> <span class='ocrx_word' id='word_1_76' title='bbox 606 1247 812 1316; x_wconf 89' lang='lat' dir='ltr'>Germanicus</span> <span class='ocrx_word' id='word_1_77' title='bbox 826 1262 919 1335; x_wconf 90' lang='lat' dir='ltr'>atque</span> <span class='ocrx_word' id='word_1_78' title='bbox 928 1252 1054 1318; x_wconf 85' lang='lat' dir='ltr'>Drusus</span> <span class='ocrx_word' id='word_1_79' title='bbox 1068 1278 1164 1320; x_wconf 81' lang='lat' dir='ltr'>ovan-</span> 
     </span>
     <span class='ocr_line' id='line_1_13' title="bbox 139 1344 1162 1434; baseline 0 -21"><span class='ocrx_word' id='word_1_80' title='bbox 139 1359 188 1414; x_wconf 90' lang='lat' dir='ltr'>tes</span> <span class='ocrx_word' id='word_1_81' title='bbox 205 1346 317 1411; x_wconf 90' lang='lat' dir='ltr'>urbem</span> <span class='ocrx_word' id='word_1_82' title='bbox 334 1345 495 1410; x_wconf 89' lang='lat' dir='ltr'>introirent</span> <span class='ocrx_word' id='word_1_83' title='bbox 500 1369 509 1423; x_wconf 92' lang='lat'>;</span> <span class='ocrx_word' id='word_1_84' title='bbox 528 1344 637 1409; x_wconf 83' lang='lat' dir='ltr'>structi</span> <span class='ocrx_word' id='word_1_85' title='bbox 655 1353 686 1408; x_wconf 89' lang='lat' dir='ltr'>et</span> <span class='ocrx_word' id='word_1_86' title='bbox 703 1366 793 1409; x_wconf 89' lang='lat' dir='ltr'>arcus</span> <span class='ocrx_word' id='word_1_87' title='bbox 812 1345 929 1410; x_wconf 89' lang='lat' dir='ltr'>circum</span> <span class='ocrx_word' id='word_1_88' title='bbox 942 1347 1038 1412; x_wconf 89' lang='lat' dir='ltr'>latera</span> <span class='ocrx_word' id='word_1_89' title='bbox 1056 1349 1162 1434; x_wconf 92' lang='lat' dir='ltr'>templi</span> 
     </span>
     <span class='ocr_line' id='line_1_14' title="bbox 139 1436 1162 1524; baseline 0.001 -18"><span class='ocrx_word' id='word_1_90' title='bbox 139 1441 255 1506; x_wconf 88' lang='lat' dir='ltr'>Martis</span> <span class='ocrx_word' id='word_1_91' title='bbox 282 1439 402 1504; x_wconf 88' lang='lat' dir='ltr'>Ultoris</span> <span class='ocrx_word' id='word_1_92' title='bbox 429 1461 500 1503; x_wconf 89' lang='lat' dir='ltr'>eum</span> <span class='ocrx_word' id='word_1_93' title='bbox 527 1437 632 1524; x_wconf 85' lang='lat' dir='ltr'>effigie</span> <span class='ocrx_word' id='word_1_94' title='bbox 660 1436 846 1516; x_wconf 87' lang='lat' dir='ltr'>Caesarum,</span> <span class='ocrx_word' id='word_1_95' title='bbox 873 1440 1000 1507; x_wconf 90' lang='lat' dir='ltr'>laetiore</span> <span class='ocrx_word' id='word_1_96' title='bbox 1027 1442 1162 1519; x_wconf 86' lang='lat' dir='ltr'>Tiberio,</span> 
     </span>
     <span class='ocr_line' id='line_1_15' title="bbox 46 1533 1162 1621; baseline 0.004 -25"><span class='ocrx_word' id='word_1_97' title='bbox 46 1592 49 1596; x_wconf 85' lang='lat'>.</span> <span class='ocrx_word' id='word_1_98' title='bbox 139 1536 215 1621; x_wconf 90' lang='lat' dir='ltr'>quia</span> <span class='ocrx_word' id='word_1_99' title='bbox 223 1556 338 1620; x_wconf 90' lang='lat' dir='ltr'>pacem</span> <span class='ocrx_word' id='word_1_100' title='bbox 352 1533 503 1618; x_wconf 78' lang='lat' dir='ltr'>sapientia</span> <span class='ocrx_word' id='word_1_101' title='bbox 514 1533 701 1610; x_wconf 84' lang='lat' dir='ltr'>firmaverat,</span> <span class='ocrx_word' id='word_1_102' title='bbox 720 1535 856 1616; x_wconf 91' lang='lat' dir='ltr'>quamsi</span> <span class='ocrx_word' id='word_1_103' title='bbox 873 1533 989 1599; x_wconf 89' lang='lat' dir='ltr'>bellum</span> <span class='ocrx_word' id='word_1_104' title='bbox 1007 1559 1063 1621; x_wconf 92' lang='lat' dir='ltr'>per</span> <span class='ocrx_word' id='word_1_105' title='bbox 1080 1537 1162 1602; x_wconf 89' lang='lat' dir='ltr'>acies</span> 
     </span>
     <span class='ocr_line' id='line_1_16' title="bbox 139 1627 1162 1719; baseline 0.002 -24"><span class='ocrx_word' id='word_1_106' title='bbox 139 1628 337 1695; x_wconf 82' lang='lat' dir='ltr'>confecisset.</span> <span class='ocrx_word' id='word_1_107' title='bbox 360 1627 456 1714; x_wconf 86' lang='lat' dir='ltr'>igitur</span> <span class='ocrx_word' id='word_1_108' title='bbox 467 1627 696 1712; x_wconf 85' lang='lat' dir='ltr'>Rhescuporim</span> <span class='ocrx_word' id='word_1_109' title='bbox 709 1649 843 1712; x_wconf 91' lang='lat' dir='ltr'>quoqne,</span> <span class='ocrx_word' id='word_1_110' title='bbox 862 1630 1033 1696; x_wconf 87' lang='lat' dir='ltr'>Thraeciae</span> <span class='ocrx_word' id='word_1_111' title='bbox 1045 1655 1162 1719; x_wconf 89' lang='lat' dir='ltr'>regem,</span> 
     </span>
     <span class='ocr_line' id='line_1_17' title="bbox 139 1723 1164 1809; baseline 0.001 -19"><span class='ocrx_word' id='word_1_112' title='bbox 139 1733 212 1790; x_wconf 91' lang='lat' dir='ltr'>astu</span> <span class='ocrx_word' id='word_1_113' title='bbox 234 1723 428 1809; x_wconf 87' lang='lat' dir='ltr'>adgreditur:</span> <span class='ocrx_word' id='word_1_114' title='bbox 451 1745 575 1788; x_wconf 91' lang='lat' dir='ltr'>omnem</span> <span class='ocrx_word' id='word_1_115' title='bbox 593 1745 663 1789; x_wconf 86' lang='lat' dir='ltr'>eam</span> <span class='ocrx_word' id='word_1_116' title='bbox 684 1723 841 1788; x_wconf 89' lang='lat' dir='ltr'>nationem</span> <span class='ocrx_word' id='word_1_117' title='bbox 858 1724 1096 1791; x_wconf 79' lang='lat' dir='ltr'>Rhoemetalces</span> <span class='ocrx_word' id='word_1_118' title='bbox 1119 1737 1164 1791; x_wconf 91' lang='lat' dir='ltr'>te-</span> 
     </span>
     <span class='ocr_line' id='line_1_18' title="bbox 139 1815 1164 1902; baseline 0.002 -19"><span class='ocrx_word' id='word_1_119' title='bbox 139 1828 265 1894; x_wconf 89' lang='lat' dir='ltr'>nuerat;</span> <span class='ocrx_word' id='word_1_120' title='bbox 292 1839 354 1900; x_wconf 93' lang='lat' dir='ltr'>quo</span> <span class='ocrx_word' id='word_1_121' title='bbox 377 1816 525 1882; x_wconf 84' lang='lat' dir='ltr'>defuncto</span> <span class='ocrx_word' id='word_1_122' title='bbox 546 1815 713 1902; x_wconf 83' lang='lat' dir='ltr'>Augustus</span> <span class='ocrx_word' id='word_1_123' title='bbox 736 1828 856 1902; x_wconf 89' lang='lat' dir='ltr'>partem</span> <span class='ocrx_word' id='word_1_124' title='bbox 879 1819 1057 1884; x_wconf 87' lang='lat' dir='ltr'>Thraecum</span> <span class='ocrx_word' id='word_1_125' title='bbox 1079 1821 1164 1885; x_wconf 91' lang='lat' dir='ltr'>Rhe-</span> 
     </span>
     <span class='ocr_line' id='line_1_19' title="bbox 139 1911 1164 1999; baseline 0 -21"><span class='ocrx_word' id='word_1_126' title='bbox 139 1912 308 1999; x_wconf 88' lang='lat' dir='ltr'>scuporidi,</span> <span class='ocrx_word' id='word_1_127' title='bbox 322 1911 409 1980; x_wconf 86' lang='lat' dir='ltr'>fratri</span> <span class='ocrx_word' id='word_1_128' title='bbox 419 1911 496 1989; x_wconf 86' lang='lat' dir='ltr'>eius,</span> <span class='ocrx_word' id='word_1_129' title='bbox 510 1921 630 1996; x_wconf 91' lang='lat' dir='ltr'>partem</span> <span class='ocrx_word' id='word_1_130' title='bbox 640 1911 702 1976; x_wconf 92' lang='lat' dir='ltr'>filio</span> <span class='ocrx_word' id='word_1_131' title='bbox 713 1911 807 1997; x_wconf 81' lang='lat' dir='ltr'>Cotyi</span> <span class='ocrx_word' id='word_1_132' title='bbox 820 1914 975 1998; x_wconf 86' lang='lat' dir='ltr'>permisit3</span> <span class='ocrx_word' id='word_1_133' title='bbox 990 1915 1022 1978; x_wconf 94' lang='lat' dir='ltr'>in</span> <span class='ocrx_word' id='word_1_134' title='bbox 1036 1938 1073 1979; x_wconf 88' lang='lat' dir='ltr'>ea</span> <span class='ocrx_word' id='word_1_135' title='bbox 1086 1916 1164 1979; x_wconf 90' lang='lat' dir='ltr'>divi-</span> 
     </span>
     <span class='ocr_line' id='line_1_20' title="bbox 139 2002 1163 2091; baseline -0.001 -19"><span class='ocrx_word' id='word_1_136' title='bbox 139 2008 229 2073; x_wconf 87' lang='lat' dir='ltr'>sione</span> <span class='ocrx_word' id='word_1_137' title='bbox 242 2029 317 2070; x_wconf 88' lang='lat' dir='ltr'>arva</span> <span class='ocrx_word' id='word_1_138' title='bbox 329 2015 361 2070; x_wconf 93' lang='lat' dir='ltr'>et</span> <span class='ocrx_word' id='word_1_139' title='bbox 373 2004 465 2070; x_wconf 91' lang='lat' dir='ltr'>urbes</span> <span class='ocrx_word' id='word_1_140' title='bbox 480 2015 510 2069; x_wconf 93' lang='lat' dir='ltr'>et</span> <span class='ocrx_word' id='word_1_141' title='bbox 523 2005 625 2069; x_wconf 88' lang='lat' dir='ltr'>vicina</span> <span class='ocrx_word' id='word_1_142' title='bbox 639 2002 769 2070; x_wconf 89' lang='lat' dir='ltr'>Graecis</span> <span class='ocrx_word' id='word_1_143' title='bbox 785 2005 887 2091; x_wconf 88' lang='lat' dir='ltr'>Cotyi,</span> <span class='ocrx_word' id='word_1_144' title='bbox 907 2009 991 2090; x_wconf 91' lang='lat' dir='ltr'>quod</span> <span class='ocrx_word' id='word_1_145' title='bbox 1003 2008 1163 2085; x_wconf 90' lang='lat' dir='ltr'>incultum,</span> 
     </span>
     <span class='ocr_line' id='line_1_21' title="bbox 138 2098 1165 2185; baseline -0.003 -18"><span class='ocrx_word' id='word_1_146' title='bbox 138 2101 245 2178; x_wconf 87' lang='lat' dir='ltr'>ferox,</span> <span class='ocrx_word' id='word_1_147' title='bbox 267 2100 425 2166; x_wconf 87' lang='lat' dir='ltr'>adnexum</span> <span class='ocrx_word' id='word_1_148' title='bbox 446 2098 605 2176; x_wconf 79' lang='lat' dir='ltr'>hostibus,</span> <span class='ocrx_word' id='word_1_149' title='bbox 628 2100 858 2184; x_wconf 86' lang='lat' dir='ltr'>Rhescuporidi</span> <span class='ocrx_word' id='word_1_150' title='bbox 880 2102 988 2178; x_wconf 84' lang='lat' dir='ltr'>cessit3</span> <span class='ocrx_word' id='word_1_151' title='bbox 1011 2102 1165 2185; x_wconf 88' lang='lat' dir='ltr'>ipsorum-</span> 
     </span>
     <span class='ocr_line' id='line_1_22' title="bbox 140 2193 1165 2279; baseline -0.001 -20"><span class='ocrx_word' id='word_1_152' title='bbox 140 2216 203 2278; x_wconf 89' lang='lat' dir='ltr'>que</span> <span class='ocrx_word' id='word_1_153' title='bbox 220 2217 330 2279; x_wconf 86' lang='lat' dir='ltr'>regum</span> <span class='ocrx_word' id='word_1_154' title='bbox 342 2194 476 2279; x_wconf 84' lang='lat' dir='ltr'>ingenia,</span> <span class='ocrx_word' id='word_1_155' title='bbox 495 2193 539 2257; x_wconf 93' lang='lat' dir='ltr'>illi</span> <span class='ocrx_word' id='word_1_156' title='bbox 557 2194 631 2258; x_wconf 92' lang='lat' dir='ltr'>mite</span> <span class='ocrx_word' id='word_1_157' title='bbox 649 2203 680 2258; x_wconf 90' lang='lat' dir='ltr'>et</span> <span class='ocrx_word' id='word_1_158' title='bbox 697 2216 872 2270; x_wconf 88' lang='lat' dir='ltr'>amoenum,</span> <span class='ocrx_word' id='word_1_159' title='bbox 890 2193 964 2258; x_wconf 90' lang='lat' dir='ltr'>huic</span> <span class='ocrx_word' id='word_1_160' title='bbox 981 2205 1080 2271; x_wconf 90' lang='lat' dir='ltr'>atrox,</span> <span class='ocrx_word' id='word_1_161' title='bbox 1099 2196 1165 2259; x_wconf 91' lang='lat' dir='ltr'>avi-</span> 
     </span>
     <span class='ocr_line' id='line_1_23' title="bbox 140 2287 1166 2372; baseline -0.001 -18"><span class='ocrx_word' id='word_1_162' title='bbox 140 2290 267 2354; x_wconf 91' lang='lat' dir='ltr'>dumet</span> <span class='ocrx_word' id='word_1_163' title='bbox 285 2287 440 2372; x_wconf 90' lang='lat' dir='ltr'>societatis</span> <span class='ocrx_word' id='word_1_164' title='bbox 462 2288 615 2372; x_wconf 77' lang='lat' dir='ltr'>inpatiens</span> <span class='ocrx_word' id='word_1_165' title='bbox 634 2297 708 2352; x_wconf 91' lang='lat' dir='ltr'>erat.</span> <span class='ocrx_word' id='word_1_166' title='bbox 737 2288 793 2352; x_wconf 86' lang='lat' dir='ltr'>scd</span> <span class='ocrx_word' id='word_1_167' title='bbox 815 2288 915 2372; x_wconf 91' lang='lat' dir='ltr'>primo</span> <span class='ocrx_word' id='word_1_168' title='bbox 938 2287 1071 2353; x_wconf 88' lang='lat' dir='ltr'>subdola</span> <span class='ocrx_word' id='word_1_169' title='bbox 1092 2311 1166 2353; x_wconf 92' lang='lat' dir='ltr'>con-</span> 
     </span>
     <span class='ocr_line' id='line_1_24' title="bbox 140 2382 1165 2468; baseline -0.001 -20"><span class='ocrx_word' id='word_1_170' title='bbox 140 2383 372 2468; x_wconf 85' lang='lat' dir='ltr'>cordiaegere:</span> <span class='ocrx_word' id='word_1_171' title='bbox 390 2405 464 2447; x_wconf 90' lang='lat' dir='ltr'>mox</span> <span class='ocrx_word' id='word_1_172' title='bbox 481 2383 694 2467; x_wconf 87' lang='lat' dir='ltr'>Rhescuporis</span> <span class='ocrx_word' id='word_1_173' title='bbox 713 2382 819 2468; x_wconf 83' lang='lat' dir='ltr'>egredi</span> <span class='ocrx_word' id='word_1_174' title='bbox 837 2382 924 2459; x_wconf 90' lang='lat' dir='ltr'>fines,</span> <span class='ocrx_word' id='word_1_175' title='bbox 944 2392 1063 2447; x_wconf 89' lang='lat' dir='ltr'>vertere</span> <span class='ocrx_word' id='word_1_176' title='bbox 1080 2384 1114 2447; x_wconf 93' lang='lat' dir='ltr'>in</span> <span class='ocrx_word' id='word_1_177' title='bbox 1132 2408 1165 2447; x_wconf 90' lang='lat' dir='ltr'>so</span> 
     </span>
     <span class='ocr_line' id='line_1_25' title="bbox 142 2475 1166 2562; baseline -0.001 -20"><span class='ocrx_word' id='word_1_178' title='bbox 142 2476 239 2561; x_wconf 81' lang='lat' dir='ltr'>Cotyi</span> <span class='ocrx_word' id='word_1_179' title='bbox 256 2476 329 2543; x_wconf 87' lang='lat' dir='ltr'>data</span> <span class='ocrx_word' id='word_1_180' title='bbox 346 2484 377 2540; x_wconf 92' lang='lat' dir='ltr'>et</span> <span class='ocrx_word' id='word_1_181' title='bbox 393 2476 550 2541; x_wconf 90' lang='lat' dir='ltr'>resistenti</span> <span class='ocrx_word' id='word_1_182' title='bbox 566 2477 631 2540; x_wconf 88' lang='lat' dir='ltr'>vim</span> <span class='ocrx_word' id='word_1_183' title='bbox 649 2476 761 2553; x_wconf 84' lang='lat' dir='ltr'>facere,</span> <span class='ocrx_word' id='word_1_184' title='bbox 781 2485 962 2540; x_wconf 86' lang='lat' dir='ltr'>cunctanter</span> <span class='ocrx_word' id='word_1_185' title='bbox 979 2475 1038 2541; x_wconf 93' lang='lat' dir='ltr'>sub</span> <span class='ocrx_word' id='word_1_186' title='bbox 1053 2475 1166 2562; x_wconf 82' lang='lat' dir='ltr'>Augu-</span> 
     </span>
     <span class='ocr_line' id='line_1_26' title="bbox 141 2570 1167 2658; baseline 0 -22"><span class='ocrx_word' id='word_1_187' title='bbox 141 2581 215 2658; x_wconf 83' lang='lat' dir='ltr'>sto,</span> <span class='ocrx_word' id='word_1_188' title='bbox 229 2592 323 2654; x_wconf 91' lang='lat' dir='ltr'>quem</span> <span class='ocrx_word' id='word_1_189' title='bbox 341 2579 499 2634; x_wconf 91' lang='lat' dir='ltr'>auctorem</span> <span class='ocrx_word' id='word_1_190' title='bbox 516 2570 677 2653; x_wconf 90' lang='lat' dir='ltr'>utriusque</span> <span class='ocrx_word' id='word_1_191' title='bbox 694 2570 797 2656; x_wconf 84' lang='lat' dir='ltr'>regni,</span> <span class='ocrx_word' id='word_1_192' title='bbox 821 2570 848 2634; x_wconf 87' lang='lat' dir='ltr'>si</span> <span class='ocrx_word' id='word_1_193' title='bbox 866 2580 1076 2654; x_wconf 89' lang='lat' dir='ltr'>sperneretur,</span> <span class='ocrx_word' id='word_1_194' title='bbox 1099 2572 1167 2636; x_wconf 88' lang='lat' dir='ltr'>vin-</span> 
     </span>
     <span class='ocr_line' id='line_1_27' title="bbox 141 2662 1166 2751; baseline 0.001 -22"><span class='ocrx_word' id='word_1_195' title='bbox 141 2665 245 2729; x_wconf 91' lang='lat' dir='ltr'>dicem</span> <span class='ocrx_word' id='word_1_196' title='bbox 254 2662 426 2728; x_wconf 83' lang='lat' dir='ltr'>metuebat:</span> <span class='ocrx_word' id='word_1_197' title='bbox 440 2664 597 2729; x_wconf 91' lang='lat' dir='ltr'>enimvero</span> <span class='ocrx_word' id='word_1_198' title='bbox 607 2664 713 2729; x_wconf 90' lang='lat' dir='ltr'>audita</span> <span class='ocrx_word' id='word_1_199' title='bbox 725 2665 896 2730; x_wconf 90' lang='lat' dir='ltr'>mutatione</span> <span class='ocrx_word' id='word_1_200' title='bbox 904 2665 1053 2751; x_wconf 89' lang='lat' dir='ltr'>principis</span> <span class='ocrx_word' id='word_1_201' title='bbox 1062 2666 1166 2730; x_wconf 92' lang='lat' dir='ltr'>inmit-</span> 
     </span>
     <span class='ocr_line' id='line_1_28' title="bbox 142 2758 1123 2844; baseline 0.001 -20"><span class='ocrx_word' id='word_1_202' title='bbox 142 2770 208 2825; x_wconf 89' lang='lat' dir='ltr'>tere</span> <span class='ocrx_word' id='word_1_203' title='bbox 225 2759 379 2824; x_wconf 88' lang='lat' dir='ltr'>latronum</span> <span class='ocrx_word' id='word_1_204' title='bbox 397 2758 522 2844; x_wconf 86' lang='lat' dir='ltr'>globos,</span> <span class='ocrx_word' id='word_1_205' title='bbox 541 2759 723 2824; x_wconf 86' lang='lat' dir='ltr'>exscindere</span> <span class='ocrx_word' id='word_1_206' title='bbox 741 2759 882 2838; x_wconf 86' lang='lat' dir='ltr'>castella,</span> <span class='ocrx_word' id='word_1_207' title='bbox 902 2782 1013 2826; x_wconf 90' lang='lat' dir='ltr'>causas</span> <span class='ocrx_word' id='word_1_208' title='bbox 1026 2759 1123 2825; x_wconf 90' lang='lat' dir='ltr'>bello.</span> 
     </span>
    </p>

    <p class='ocr_par' dir='ltr' id='par_1_4' title="bbox 141 2852 1218 4075">
     <span class='ocr_line' id='line_1_29' title="bbox 205 2852 1218 2937; baseline 0.005 -19"><span class='ocrx_word' id='word_1_209' title='bbox 205 2852 292 2918; x_wconf 89' lang='lat' dir='ltr'>Nihil</span> <span class='ocrx_word' id='word_1_210' title='bbox 309 2873 407 2935; x_wconf 89' lang='lat' dir='ltr'>aeque</span> <span class='ocrx_word' id='word_1_211' title='bbox 425 2852 585 2916; x_wconf 88' lang='lat' dir='ltr'>Tiberium</span> <span class='ocrx_word' id='word_1_212' title='bbox 608 2854 735 2917; x_wconf 90' lang='lat' dir='ltr'>anxium</span> <span class='ocrx_word' id='word_1_213' title='bbox 757 2853 892 2918; x_wconf 91' lang='lat' dir='ltr'>habehat</span> <span class='ocrx_word' id='word_1_214' title='bbox 909 2876 1003 2937; x_wconf 90' lang='lat' dir='ltr'>quam</span> <span class='ocrx_word' id='word_1_215' title='bbox 1024 2877 1065 2919; x_wconf 94' lang='lat' dir='ltr'>ne</span> <span class='ocrx_word' id='word_1_216' title='bbox 1083 2877 1168 2919; x_wconf 92' lang='lat' dir='ltr'>com·</span> <span class='ocrx_word' id='word_1_217' title='bbox 1186 2878 1218 2924; x_wconf 79' lang='lat' dir='ltr'>oo</span> 
     </span>
     <span class='ocr_line' id='line_1_30' title="bbox 141 2945 1168 3035; baseline 0.001 -24"><span class='ocrx_word' id='word_1_218' title='bbox 141 2947 246 3032; x_wconf 89' lang='lat' dir='ltr'>posita</span> <span class='ocrx_word' id='word_1_219' title='bbox 263 2945 472 3011; x_wconf 87' lang='lat' dir='ltr'>turbarentur:</span> <span class='ocrx_word' id='word_1_220' title='bbox 490 2946 599 3032; x_wconf 85' lang='lat' dir='ltr'>deligit</span> <span class='ocrx_word' id='word_1_221' title='bbox 617 2947 827 3012; x_wconf 89' lang='lat' dir='ltr'>centurionem</span> <span class='ocrx_word' id='word_1_222' title='bbox 844 2949 898 3031; x_wconf 93' lang='lat' dir='ltr'>qui</span> <span class='ocrx_word' id='word_1_223' title='bbox 914 2949 1069 3012; x_wconf 88' lang='lat' dir='ltr'>nuntiaret</span> <span class='ocrx_word' id='word_1_224' title='bbox 1085 2950 1168 3035; x_wconf 84' lang='lat' dir='ltr'>regi-</span> 
     </span>
     <span class='ocr_line' id='line_1_31' title="bbox 141 3034 1167 3127; baseline 0.001 -21"><span class='ocrx_word' id='word_1_225' title='bbox 141 3034 203 3106; x_wconf 78' lang='lat' dir='ltr'>bus</span> <span class='ocrx_word' id='word_1_226' title='bbox 216 3063 256 3104; x_wconf 93' lang='lat' dir='ltr'>ne</span> <span class='ocrx_word' id='word_1_227' title='bbox 269 3039 362 3104; x_wconf 90' lang='lat' dir='ltr'>armis</span> <span class='ocrx_word' id='word_1_228' title='bbox 376 3040 584 3125; x_wconf 89' lang='lat' dir='ltr'>disceptarent</span> <span class='ocrx_word' id='word_1_229' title='bbox 589 3065 598 3118; x_wconf 73' lang='grc' dir='ltr'><strong>ς</strong></span> <span class='ocrx_word' id='word_1_230' title='bbox 617 3042 783 3125; x_wconf 88' lang='lat' dir='ltr'>statimque</span> <span class='ocrx_word' id='word_1_231' title='bbox 797 3066 816 3106; x_wconf 91' lang='lat' dir='ltr'>a</span> <span class='ocrx_word' id='word_1_232' title='bbox 831 3041 931 3127; x_wconf 88' lang='lat' dir='ltr'>Cotye</span> <span class='ocrx_word' id='word_1_233' title='bbox 949 3042 1080 3106; x_wconf 89' lang='lat' dir='ltr'>dimissa</span> <span class='ocrx_word' id='word_1_234' title='bbox 1093 3054 1167 3107; x_wconf 89' lang='lat' dir='ltr'>sunt</span> 
     </span>
     <span class='ocr_line' id='line_1_32' title="bbox 142 3130 1168 3221; baseline 0 -22"><span class='ocrx_word' id='word_1_235' title='bbox 142 3157 224 3218; x_wconf 91' lang='lat' dir='ltr'>quae</span> <span class='ocrx_word' id='word_1_236' title='bbox 241 3143 404 3219; x_wconf 89' lang='lat' dir='ltr'>paraverat</span> <span class='ocrx_word' id='word_1_237' title='bbox 421 3134 550 3212; x_wconf 78' lang='lat' dir='ltr'>auxilia3</span> <span class='ocrx_word' id='word_1_238' title='bbox 569 3130 782 3221; x_wconf 89' lang='lat' dir='ltr'>Rhescuporis</span> <span class='ocrx_word' id='word_1_239' title='bbox 801 3137 873 3200; x_wconf 92' lang='lat' dir='ltr'>ficta</span> <span class='ocrx_word' id='word_1_240' title='bbox 890 3136 1043 3201; x_wconf 88' lang='lat' dir='ltr'>modestia</span> <span class='ocrx_word' id='word_1_241' title='bbox 1059 3146 1168 3220; x_wconf 89' lang='lat' dir='ltr'>postu-</span> 
     </span>
     <span class='ocr_line' id='line_1_33' title="bbox 142 3228 1169 3315; baseline 0.001 -23"><span class='ocrx_word' id='word_1_242' title='bbox 142 3229 187 3292; x_wconf 89' lang='lat' dir='ltr'>lat</span> <span class='ocrx_word' id='word_1_243' title='bbox 205 3229 339 3293; x_wconf 88' lang='lat' dir='ltr'>eundem</span> <span class='ocrx_word' id='word_1_244' title='bbox 356 3228 508 3292; x_wconf 91' lang='lat' dir='ltr'>inlocum</span> <span class='ocrx_word' id='word_1_245' title='bbox 527 3228 672 3293; x_wconf 88' lang='lat' dir='ltr'>coiretur:</span> <span class='ocrx_word' id='word_1_246' title='bbox 689 3253 783 3315; x_wconf 87' lang='lat' dir='ltr'>posse</span> <span class='ocrx_word' id='word_1_247' title='bbox 802 3231 841 3293; x_wconf 92' lang='lat' dir='ltr'>de</span> <span class='ocrx_word' id='word_1_248' title='bbox 859 3229 1076 3294; x_wconf 90' lang='lat' dir='ltr'>controversiis</span> <span class='ocrx_word' id='word_1_249' title='bbox 1095 3251 1169 3293; x_wconf 92' lang='lat' dir='ltr'>con-</span> 
     </span>
     <span class='ocr_line' id='line_1_34' title="bbox 142 3322 1168 3410; baseline -0.002 -23"><span class='ocrx_word' id='word_1_250' title='bbox 142 3322 248 3406; x_wconf 91' lang='lat' dir='ltr'>loquio</span> <span class='ocrx_word' id='word_1_251' title='bbox 266 3324 407 3410; x_wconf 83' lang='lat' dir='ltr'>transigi·</span> <span class='ocrx_word' id='word_1_252' title='bbox 428 3346 485 3387; x_wconf 92' lang='lat' dir='ltr'>nec</span> <span class='ocrx_word' id='word_1_253' title='bbox 504 3324 557 3386; x_wconf 92' lang='lat' dir='ltr'>diu</span> <span class='ocrx_word' id='word_1_254' title='bbox 575 3323 750 3389; x_wconf 88' lang='lat' dir='ltr'>dubitatum</span> <span class='ocrx_word' id='word_1_255' title='bbox 768 3325 808 3387; x_wconf 89' lang='lat' dir='ltr'>de</span> <span class='ocrx_word' id='word_1_256' title='bbox 826 3333 974 3407; x_wconf 91' lang='lat' dir='ltr'>tempore,</span> <span class='ocrx_word' id='word_1_257' title='bbox 993 3322 1077 3399; x_wconf 84' lang='lat' dir='ltr'>locu,</span> <span class='ocrx_word' id='word_1_258' title='bbox 1096 3323 1168 3387; x_wconf 91' lang='lat' dir='ltr'>dein</span> 
     </span>
     <span class='ocr_line' id='line_1_35' title="bbox 143 3416 1169 3496; baseline -0.005 -12"><span class='ocrx_word' id='word_1_259' title='bbox 143 3417 383 3496; x_wconf 88' lang='lat' dir='ltr'>conditionibus,</span> <span class='ocrx_word' id='word_1_260' title='bbox 398 3440 470 3482; x_wconf 89' lang='lat' dir='ltr'>curn</span> <span class='ocrx_word' id='word_1_261' title='bbox 484 3418 561 3481; x_wconf 88' lang='lat' dir='ltr'>alter</span> <span class='ocrx_word' id='word_1_262' title='bbox 574 3417 731 3495; x_wconf 84' lang='lat' dir='ltr'>facilitate,</span> <span class='ocrx_word' id='word_1_263' title='bbox 750 3418 828 3482; x_wconf 89' lang='lat' dir='ltr'>alter</span> <span class='ocrx_word' id='word_1_264' title='bbox 840 3417 950 3481; x_wconf 82' lang='lat' dir='ltr'>fraude</span> <span class='ocrx_word' id='word_1_265' title='bbox 965 3425 1076 3480; x_wconf 89' lang='lat' dir='ltr'>cuncta</span> <span class='ocrx_word' id='word_1_266' title='bbox 1088 3416 1169 3480; x_wconf 91' lang='lat' dir='ltr'>inter</span> 
     </span>
     <span class='ocr_line' id='line_1_36' title="bbox 144 3510 1169 3597; baseline -0.005 -18"><span class='ocrx_word' id='word_1_267' title='bbox 144 3535 179 3579; x_wconf 87' lang='lat' dir='ltr'>se</span> <span class='ocrx_word' id='word_1_268' title='bbox 197 3512 401 3577; x_wconf 88' lang='lat' dir='ltr'>concederent</span> <span class='ocrx_word' id='word_1_269' title='bbox 423 3512 668 3597; x_wconf 89' lang='lat' dir='ltr'>acciperentque.</span> <span class='ocrx_word' id='word_1_270' title='bbox 694 3511 907 3596; x_wconf 90' lang='lat' dir='ltr'>Rhescuporis</span> <span class='ocrx_word' id='word_1_271' title='bbox 930 3510 1111 3587; x_wconf 88' lang='lat' dir='ltr'>sanciendo,</span> <span class='ocrx_word' id='word_1_272' title='bbox 1133 3520 1169 3574; x_wconf 93' lang='lat' dir='ltr'>ut</span> 
     </span>
     <span class='ocr_line' id='line_1_37' title="bbox 143 3604 1169 3690; baseline -0.003 -18"><span class='ocrx_word' id='word_1_273' title='bbox 143 3606 320 3684; x_wconf 87' lang='lat' dir='ltr'>dictitabat,</span> <span class='ocrx_word' id='word_1_274' title='bbox 343 3607 461 3672; x_wconf 82' lang='lat' dir='ltr'>foederi</span> <span class='ocrx_word' id='word_1_275' title='bbox 483 3607 660 3672; x_wconf 84' lang='lat' dir='ltr'>convivium</span> <span class='ocrx_word' id='word_1_276' title='bbox 678 3607 785 3684; x_wconf 88' lang='lat' dir='ltr'>adicit,</span> <span class='ocrx_word' id='word_1_277' title='bbox 808 3614 967 3690; x_wconf 89' lang='lat' dir='ltr'>tractaque</span> <span class='ocrx_word' id='word_1_278' title='bbox 989 3604 1022 3668; x_wconf 92' lang='lat' dir='ltr'>in</span> <span class='ocrx_word' id='word_1_279' title='bbox 1039 3605 1169 3669; x_wconf 91' lang='lat' dir='ltr'>multam</span> 
     </span>
     <span class='ocr_line' id='line_1_38' title="bbox 143 3698 1167 3787; baseline -0.005 -20"><span class='ocrx_word' id='word_1_280' title='bbox 143 3710 269 3767; x_wconf 90' lang='lat' dir='ltr'>noctem</span> <span class='ocrx_word' id='word_1_281' title='bbox 281 3701 398 3766; x_wconf 90' lang='lat' dir='ltr'>laetitia</span> <span class='ocrx_word' id='word_1_282' title='bbox 414 3725 470 3787; x_wconf 90' lang='lat' dir='ltr'>per</span> <span class='ocrx_word' id='word_1_283' title='bbox 483 3701 591 3786; x_wconf 91' lang='lat' dir='ltr'>epulas</span> <span class='ocrx_word' id='word_1_284' title='bbox 610 3724 653 3774; x_wconf 25' lang='lat' dir='ltr'>ac,</span> <span class='ocrx_word' id='word_1_285' title='bbox 664 3701 863 3766; x_wconf 86' lang='lat' dir='ltr'>vinolentiam</span> <span class='ocrx_word' id='word_1_286' title='bbox 880 3701 1040 3765; x_wconf 88' lang='lat' dir='ltr'>incautum</span> <span class='ocrx_word' id='word_1_287' title='bbox 1055 3698 1167 3785; x_wconf 87' lang='lat' dir='ltr'>Cotyn,</span> 
     </span>
     <span class='ocr_line' id='line_1_39' title="bbox 144 3795 1170 3882; baseline -0.001 -22"><span class='ocrx_word' id='word_1_288' title='bbox 144 3806 177 3860; x_wconf 93' lang='lat' dir='ltr'>et</span> <span class='ocrx_word' id='word_1_289' title='bbox 193 3805 360 3882; x_wconf 87' lang='lat' dir='ltr'>postquam</span> <span class='ocrx_word' id='word_1_290' title='bbox 378 3796 483 3863; x_wconf 90' lang='lat' dir='ltr'>dolum</span> <span class='ocrx_word' id='word_1_291' title='bbox 500 3796 707 3874; x_wconf 87' lang='lat' dir='ltr'>intellexerat,</span> <span class='ocrx_word' id='word_1_292' title='bbox 730 3819 819 3862; x_wconf 88' lang='lat' dir='ltr'>sacra</span> <span class='ocrx_word' id='word_1_293' title='bbox 839 3796 941 3882; x_wconf 84' lang='lat' dir='ltr'>regni,</span> <span class='ocrx_word' id='word_1_294' title='bbox 964 3795 1104 3860; x_wconf 89' lang='lat' dir='ltr'>eiusdem</span> <span class='ocrx_word' id='word_1_295' title='bbox 1122 3795 1170 3859; x_wconf 80' lang='lat' dir='ltr'>fa-</span> 
     </span>
     <span class='ocr_line' id='line_1_40' title="bbox 144 3890 1169 3975; baseline 0 -21"><span class='ocrx_word' id='word_1_296' title='bbox 144 3890 250 3955; x_wconf 90' lang='lat' dir='ltr'>miliae</span> <span class='ocrx_word' id='word_1_297' title='bbox 267 3891 343 3955; x_wconf 88' lang='lat' dir='ltr'>deos</span> <span class='ocrx_word' id='word_1_298' title='bbox 362 3899 396 3955; x_wconf 91' lang='lat' dir='ltr'>et·</span> <span class='ocrx_word' id='word_1_299' title='bbox 409 3890 570 3975; x_wconf 87' lang='lat' dir='ltr'>hospitalis</span> <span class='ocrx_word' id='word_1_300' title='bbox 589 3915 713 3956; x_wconf 90' lang='lat' dir='ltr'>mensas</span> <span class='ocrx_word' id='word_1_301' title='bbox 732 3890 940 3956; x_wconf 89' lang='lat' dir='ltr'>obtestantem</span> <span class='ocrx_word' id='word_1_302' title='bbox 959 3890 1076 3955; x_wconf 90' lang='lat' dir='ltr'>catenis</span> <span class='ocrx_word' id='word_1_303' title='bbox 1095 3912 1169 3955; x_wconf 95' lang='lat' dir='ltr'>one-</span> 
     </span>
     <span class='ocr_line' id='line_1_41' title="bbox 145 3984 1168 4075; baseline 0 -27"><span class='ocrx_word' id='word_1_304' title='bbox 145 3992 203 4062; x_wconf 90' lang='lat' dir='ltr'>rat,</span> <span class='ocrx_word' id='word_1_305' title='bbox 218 3984 431 4068; x_wconf 87' lang='lat' dir='ltr'>Thraeciaque</span> <span class='ocrx_word' id='word_1_306' title='bbox 439 3985 529 4051; x_wconf 92' lang='lat' dir='ltr'>omni</span> <span class='ocrx_word' id='word_1_307' title='bbox 542 3986 659 4070; x_wconf 88' lang='lat' dir='ltr'>potitus</span> <span class='ocrx_word' id='word_1_308' title='bbox 674 3985 797 4071; x_wconf 89' lang='lat' dir='ltr'>scripsit</span> <span class='ocrx_word' id='word_1_309' title='bbox 811 3985 852 4051; x_wconf 88' lang='lat' dir='ltr'>ad</span> <span class='ocrx_word' id='word_1_310' title='bbox 860 3985 1021 4052; x_wconf 89' lang='lat' dir='ltr'>Tiberium</span> <span class='ocrx_word' id='word_1_311' title='bbox 1036 3993 1168 4075; x_wconf 77' lang='lat' dir='ltr'>structas</span> 
     </span>
    </p>
   </div>
   <div class='ocr_carea' id='block_1_3' title="bbox 0 0 1389 4874">
    <p class='ocr_par' dir='ltr' id='par_1_5' title="bbox 0 0 1389 4874">
     <span class='ocr_line' id='line_1_42' title="bbox 0 0 1389 4874; baseline 0 0"><span class='ocrx_word' id='word_1_312' title='bbox 0 0 1389 4874; x_wconf 95' lang='lat' dir='ltr'> </span> 
     </span>
    </p>
   </div>
  </div>
 </body>
</html>
