2760 4874
389 381 596 440 annnorum
614 383 687 436 nra.
702 383 781 439 xiv.
800 383 920 440 24-29.
1085 348 1162 438 ’267

139 475 298 524 amma

139 554 170 608 et
187 541 387 628 praesidium,
406 541 490 604 mille
503 540 674 626 legionarii,
695 550 757 604 tres
772 541 928 606 sociorum
946 542 1088 606 cohortes
1107 543 1164 606 du-

139 658 237 720 aeque
256 636 395 719 equitum
413 636 494 711 alae,
514 656 576 717 quo
593 634 715 698 facilius
734 658 851 699 novum
867 658 1000 722 regnum
1015 646 1163 713 tueretur.

138 753 210 816 pars
229 728 408 805 Armeniae,
427 737 463 791 ut
481 728 592 811 cuique
610 727 754 806 finitima,
773 728 979 794 Pharasmani
994 728 1165 794 Polemoni-

137 846 199 908 que
218 834 249 888 et
261 823 446 888 Aristobulo
460 832 554 910 atque
567 821 726 887 Antiocho
739 845 848 908 parere
862 823 966 888 iussae
980 833 1066 889 sunt:
1087 823 1165 889 Cor-

138 919 213 984 bulo
235 919 268 982 in
287 916 413 1002 Syriam
434 916 600 993 abscessit,
623 927 722 982 morte
740 917 895 983 Ummidii
916 917 1012 1005 legati
1033 940 1165 982 vacuam

121 1036 177 1084 ,ae
195 1012 256 1076 sibi
273 1012 468 1097 permissam.
784 1062 787 1067 ,

202 1107 325 1170 Eodem
338 1128 419 1169 anno
435 1127 474 1169 ex
487 1100 669 1171 inlustribus
679 1105 778 1172 Asiae
790 1106 920 1173 urbibus
930 1107 1092 1184 Laodicea
1105 1116 1165 1170 tre·
1184 1127 1215 1174 27

137 1223 224 1265 more
242 1210 341 1264 terrae
360 1199 514 1284 prolapsa,
534 1200 619 1265 nullo
638 1225 658 1264 o
675 1201 765 1266 nobis
783 1202 930 1279 remedio,
950 1194 1081 1287 propriis
1100 1201 1166 1285 opi-

137 1295 198 1360 bus
215 1293 361 1370 revaluit3
384 1303 416 1357 at
428 1294 466 1357 in
483 1294 574 1359 Italia
592 1304 682 1359 vetus
705 1296 855 1381 oppidum
873 1295 998 1361 Puteoli
1015 1295 1064 1359 ius
1083 1294 1166 1359 colo-

137 1389 208 1453 niae
227 1398 257 1452 et
280 1397 523 1473 cognomentum
545 1387 705 1454 aNerone
727 1387 917 1474 apiscuntur.
943 1389 1083 1454 ueterani
1102 1389 1166 1453 Ta

137 1482 261 1547 rentum
279 1491 310 1545 et
321 1481 455 1545 Antium
473 1482 621 1571 adscripti
638 1505 701 1546 non
718 1492 822 1546 tamen
839 1483 1065 1566 infrequentiae
1082 1482 1166 1547 loco-
1263 1509 1264 1522 ¹

135 1600 208 1641 rum
219 1575 412 1652 subvenere,
437 1575 565 1660 dilapsis
587 1576 729 1660 pluribus
747 1578 780 1641 in
801 1578 978 1662 provincias
1000 1576 1165 1661 inquibus

138 1669 293 1755 stipendia
311 1670 510 1754 expleverant
516 1695 525 1747 3
548 1692 649 1753 neque
668 1671 820 1756 coniugiis
840 1671 1045 1756 suscipiendis
1064 1693 1165 1753 neque

137 1764 256 1829 alendis
278 1763 385 1828 liberis
409 1764 489 1828 sueti
511 1763 604 1829 orbas
627 1766 693 1829 sine
709 1765 850 1851 posteris
875 1766 985 1830 domos
1011 1764 1166 1851 relinque-

137 1857 227 1923 bant:
250 1880 313 1922 non
336 1857 433 1934 enim,
457 1867 492 1930 ut
514 1857 602 1936 olim,
625 1859 788 1924 universae
810 1858 950 1944 legiones
969 1857 1167 1923 deduceban-

138 1967 278 2017 turcum
300 1952 433 2017 tribunis
452 1962 483 2017 et
505 1952 736 2017 centurionibus
756 1963 787 2018 et
805 1955 853 2018 sui
876 1955 1026 2037 cuiusque
1049 1953 1165 2018 ordinis

138 2046 298 2124 militibus,
317 2056 359 2110 ut
370 2056 574 2112 consensu'et
592 2047 721 2112 caritate
736 2070 803 2112 rem
820 2047 978 2132 publicam
996 2047 1164 2123 efficerent,

138 2141 196 2206 sed
215 2140 316 2226 ignoti
332 2142 413 2205 inter
431 2164 479 2220 se,
503 2141 634 2206 diversis
657 2142 837 2226 manipulis,
858 2142 925 2207 sine
942 2152 1075 2220 rectore,
1099 2142 1166 2206 sine

137 2235 304 2301 affectibus
323 2235 449 2311 mutuis,
468 2235 559 2318 quasi
577 2257 617 2299 ex
635 2235 695 2300 alio
713 2257 827 2320 genere
845 2235 1022 2300 mortalium
1039 2245 1166 2321 repente

136 2330 169 2392 in
188 2351 285 2393 unum
306 2329 441 2406 collecti,
460 2351 608 2408 numerus
626 2329 728 2414 magis
747 2351 842 2412 quam
860 2329 990 2394 colonia.

159 2488 165 2495 ,
204 2421 339 2487 Comitia
356 2432 534 2509 praetorum
547 2421 673 2487 arbitrio
692 2433 818 2488 senatus
836 2422 944 2487 haberi
962 2423 1063 2499 solita,
1082 2427 1168 2506 quod
1184 2443 1223 2491 28⁴

137 2516 256 2581 acriore
279 2516 398 2581 ambitu
421 2527 613 2594 exarserant,
640 2517 785 2602 princeps
809 2517 997 2602 composuit,
1020 2517 1089 2594 tris,
1113 2519 1167 2600 qui

138 2633 234 2695 supra
256 2632 419 2675 numerum
440 2610 602 2695 petebant,
630 2611 745 2696 legioni
767 2612 990 2697 praeficiend03
1017 2611 1165 2693 auxitque

136 2714 262 2790 patrum
279 2703 429 2769 honorem
448 2706 612 2770 statuendo
629 2715 677 2782 ut,
697 2706 752 2788 qui
769 2730 788 2770 a
804 2706 934 2791 privatis
951 2705 1106 2771 iudicibus
1126 2706 1166 2770 ad

138 2807 282 2862 senatum
304 2798 574 2882 provocavissent,
598 2792 739 2864 eiusdem
761 2800 911 2885 pecuniae
929 2799 1102 2884 periculum
1119 2797 1171 2862 fa·

137 2900 244 2956 cerent
266 2893 354 2956 cuius
377 2892 400 2955 ii
421 2893 475 2975 qui
500 2893 720 2979 imperatorem
742 2893 952 2979 appellavere:
979 2917 1052 2957 nam
1075 2902 1167 2958 antea
1235 2887 1238 2893 ’
1271 2944 1273 2949 ,

136 3008 272 3050 vacuum
290 2986 323 3051 id
341 2987 539 3071 solutumque
557 3011 658 3073 poena
675 2988 786 3054 fuerat.
808 2989 870 3055 fine
889 2989 962 3052 anni
975 2987 1089 3052 Vibius
1109 2986 1167 3051 Se-

137 3079 275 3156 cundus,
295 3100 390 3162 eques
409 3081 582 3159 Romanus,
602 3081 822 3147 accusantibus
840 3081 963 3145 Mauris
980 3080 1166 3166 repetunda

137 3195 208 3238 rum
226 3173 391 3240 damnatur
403 3184 497 3257 atque
510 3175 603 3240 ltalia
620 3176 764 3262 exigitur,
784 3198 823 3239 ne
840 3176 983 3260 graviore
1001 3197 1102 3259 poena
1120 3174 1167 3236 af-

138 3266 295 3345 ficeretur,
314 3268 401 3334 Vibii
421 3268 526 3355 Crispi
544 3270 648 3334 fratris
667 3269 779 3354 opibus
798 3270 914 3333 enisus.

205 3361 359 3429 Cansonro
373 3362 481 3431 Plano
496 3374 527 3428 et
539 3364 694 3430 Persono
704 3364 887 3429 Toarnnno
902 3361 1082 3428 consulibus
1096 3385 1167 3447 gra-
1185 3383 1216 3429 29

136 3454 187 3535 vis
210 3456 314 3520 clades
336 3457 370 3520 in
387 3457 550 3523 Britannia
572 3467 713 3544 accepta,
736 3458 849 3547 inqua
869 3479 971 3540 neque
990 3458 1030 3520 A.
1048 3456 1166 3519 Didius

136 3548 275 3633 legatus,
299 3559 334 3614 ut
355 3552 539 3629 memoravi,
563 3552 624 3616 nisi
641 3561 730 3637 parta
747 3552 928 3628 retinuerat,
952 3559 983 3614 et
1006 3571 1167 3614 successor

137 3640 294 3708 Veranius
312 3645 443 3710 modicis
459 3645 643 3711 excursibus
658 3645 779 3710 Siluras
797 3645 974 3730 populatus,
993 3643 1069 3726 quin
1086 3642 1167 3706 ultra

136 3734 255 3801 bellum
272 3738 438 3822 proferret,
457 3748 556 3804 morte
573 3739 747 3824 prohibitus
765 3750 823 3816 est,
842 3761 966 3823 magna,
985 3738 1061 3800 dum
1078 3736 1165 3812 vixit,

137 3831 312 3897 severitatis
326 3832 421 3911 fama,
437 3835 590 3919 supremis
604 3833 782 3898 testamenti
791 3832 895 3897 verbis
910 3830 1086 3896 ambitionis
1100 3853 1166 3894 ma-

136 3923 284 4004 nifestus:
303 3927 419 4012 quippe
433 3928 530 3991 multa
543 3928 576 3991 in
588 3927 745 3994 Neronem
762 3927 938 3991 adulatione
956 3925 1075 3989 addidit
1093 3923 1167 3989 sub*-

136 4018 291 4084 ieoturum
309 4022 337 4087 ei
355 4022 546 4105 provinciam
559 4021 667 4099 fuisse,
687 4022 715 4086 si
731 4021 857 4086 biennio
870 4020 1012 4106 proximo
1025 4019 1164 4084 vixisset.

136 4112 195 4176 sed
213 4122 279 4179 tum
296 4115 449 4182 Paulinus
469 4113 640 4184 Suetonius
659 4114 819 4181 obtinebat
834 4115 1017 4192 Britannos,
1037 4114 1166 4182 scientio
