2760 4874
1066 60 1168 273 Q

263 392 326 459 268
616 399 798 456 CORNELII
811 396 940 454 TAClTl

1187 497 1209 529 a.
1220 499 1242 527 u.
1253 489 1300 528 814.

263 562 391 627 militiae
409 569 440 624 ct
457 580 580 624 rumore
598 557 715 643 populi,
734 556 788 639 qui
807 556 964 621 neminem
981 554 1048 619 sine
1066 555 1192 620 aemulo
1213 557 1298 633 sinit,

264 655 452 721 Corbulonis
463 661 656 718 concertator
663 649 1043 736 receptaequeArmeniae
1052 649 1150 714 decus
1157 671 1299 733 aequare

262 748 388 814 domitis
410 744 623 833 perduellibus
645 743 789 829 cupiens;
811 743 908 828 igitur
924 741 1056 808 Monam
1073 742 1227 821 insulam,
1250 745 1298 807 in-

263 843 339 908 colis
358 842 494 906 validam
512 850 543 904 et
559 837 791 924 receptaculum
808 837 1011 923 perfugarum
1017 883 1026 913 ,
1045 837 1177 923 adgredi
1194 850 1295 922 parat,

263 959 422 1021 navesque
444 935 615 1001 fabricatur
636 933 730 1019 plano
748 932 839 997 alveo
862 933 1014 997 adversus
1032 931 1127 1002 breve
1146 942 1178 996 et
1195 933 1296 997 incer·

263 1045 342 1096 turn:
362 1032 408 1095 sio
424 1030 536 1115 podes;
555 1028 676 1111 equites
694 1027 776 1091 vado
799 1027 898 1091 secuti
921 1036 975 1091 aut
992 1026 1116 1092 altiores
1139 1027 1222 1091 inter
1238 1051 1296 1092 un·

218 1168 221 1173 ,
263 1129 319 1191 das
338 1126 489 1190 adnantes
508 1124 597 1207 equis
615 1122 786 1186 tramisere.

212 1241 244 1289 30
262 1251 266 1256 ·
328 1219 441 1285 Stabat
461 1240 518 1304 pro
540 1217 630 1282 litore
648 1216 772 1281 diversa
789 1216 887 1292 acies,
911 1215 1009 1281 densa
1026 1215 1121 1280 armis
1144 1215 1293 1299 virisque,

261 1312 540 1379 intercursantibus
558 1311 697 1389 feminis,
715 1311 748 1375 in
766 1311 893 1375 modum
906 1309 1073 1384 Furiarum
1085 1320 1175 1375 veste
1192 1311 1292 1387 ferali,

262 1407 399 1474 crinibus
426 1406 554 1471 deiectis
577 1398 918 1490 sacespraeserebant3
945 1404 1137 1489 druidaeque
1164 1405 1292 1482 circum,

261 1494 384 1587 preces,
408 1501 491 1565 diras
510 1499 641 1564 sublatis
660 1499 700 1563 ad
718 1498 840 1563 caelum
862 1497 1007 1563 manibus
1030 1497 1215 1576 fundentes,
1239 1522 1292 1565 no-

262 1595 357 1659 titate
384 1603 529 1678 aspectus
555 1593 715 1677 perculere
742 1592 885 1669 militem,
912 1601 948 1656 ut
973 1593 1065 1675 quasi
1090 1592 1292 1681 haerentibus

261 1687 409 1752 membris
427 1684 586 1751 immobile
604 1708 718 1771 corpus
736 1685 917 1750 vulneribus
931 1685 1125 1771 praeberent
1150 1686 1226 1751 dein
1243 1707 1293 1750 co-

261 1780 487 1846 hortationibus
506 1780 594 1844 ducis
613 1791 645 1845 et
663 1780 777 1866 seipsi
800 1779 1010 1857 stimulantes,
1033 1802 1073 1845 ne
1091 1775 1246 1845 muliebre
1263 1790 1292 1844 et

261 1870 433 1941 fanaticum
451 1869 565 1961 agmen
583 1869 799 1960 pavescerent,
822 1874 961 1938 inferunt
978 1874 1069 1960 signa
1087 1883 1291 1958 sternuntque

261 1971 371 2036 obvios
390 1980 421 2035 et
442 1970 508 2056 igni
531 1992 588 2034 suo
609 1970 781 2034 involvunt.
808 1969 999 2055 praesidium
1021 1969 1154 2055 posthac
1176 1970 1292 2056 inposi-

262 2076 327 2130 tum
341 2066 430 2131 victis
444 2065 603 2148 excisique
616 2064 678 2128 luci
693 2064 795 2129 saevis
810 2063 1081 2149 superstitionibus
1102 2065 1199 2130 sacri:
1220 2088 1291 2130 nam

261 2183 370 2225 eruore
392 2160 516 2245 captivo
539 2159 663 2224 adolere
685 2181 754 2222 aras
779 2167 810 2222 et
831 2157 993 2223 hominum
1019 2157 1105 2224 fibris
1127 2159 1291 2225 consulere

261 2255 336 2319 deos
350 2255 399 2319 fas
414 2252 580 2319 habebant.
604 2253 681 2317 haec
694 2252 799 2339 agenti
815 2250 966 2318 Suetonio
980 2253 1142 2337 repentina
1156 2252 1291 2318 defectio

259 2348 439 2433 provinciae
456 2342 625 2412 nuntiatur.
662 2375 676 2415 ,·

210 2462 240 2509 31
324 2443 395 2507 Rex
403 2442 569 2506 Icenorum
578 2442 784 2527 Prasutagus,
799 2441 894 2528 longa
908 2442 1067 2528 opulentia
1079 2442 1193 2520 clarus,
1210 2442 1291 2508 Cae-

261 2560 362 2600 sarem
380 2537 527 2601 heredem
545 2537 684 2620 duasque
702 2536 782 2600 filias
801 2537 980 2621 scripserat,
1000 2537 1053 2627 tali
1071 2536 1224 2620 obsequio
1242 2561 1291 2602 ra·

260 2641 310 2694 tus
328 2653 522 2716 regnumque
541 2640 573 2694 et
590 2631 719 2694 domum
738 2653 827 2694 suam
844 2630 953 2715 procul
970 2630 1082 2694 iniuria
1099 2630 1178 2695 fore.
1206 2632 1290 2714 quod

260 2734 368 2788 contra
385 2726 485 2801 vertit,
505 2726 584 2789 adeo
602 2736 636 2789 ut
654 2748 786 2810 reguum
804 2747 860 2809 per
877 2726 1082 2803 centuriones,
1103 2727 1217 2792 domus
1235 2749 1291 2812 per

260 2839 367 2880 servos
394 2818 479 2880 velut
507 2829 598 2902 capta
623 2829 833 2883 vastarentur:
864 2819 927 2883 iam
953 2820 1088 2904 primum
1115 2842 1196 2884 uxor
1222 2822 1289 2884 eius

244 2910 420 2991 *Boudicca
438 2911 619 2975 verberibus
638 2913 752 2976 affecta
769 2924 800 2977 et
818 2914 899 2978 filiae
922 2924 1030 2999 stupro
1048 2915 1183 2979 violatae
1202 2925 1289 2992 sunt3

258 3003 417 3088 praecipui
435 3005 550 3087 quique
568 3004 734 3070 Icenorum
752 3007 843 3071 avitis
861 3006 951 3072 bonis
974 3017 1201 3085 exuuntur„et
1218 3031 1290 3093 pro-

258 3098 368 3182 pinqui
380 3098 463 3184 regis
478 3098 557 3189 inter
570 3100 725 3184 mancipia
742 3100 946 3166 habebantur.
970 3123 1034 3184 qua
1051 3103 1241 3166 contumelia
1259 3112 1290 3166 et

258 3203 344 3255 metu
362 3193 554 3278 graviorum,
574 3194 699 3277 quando
717 3195 749 3257 in
767 3194 902 3259 formam
919 3195 1097 3280 provinciae
1116 3206 1287 3272 cesserant,

258 3288 382 3372 rapiunt
405 3311 505 3364 arma,
532 3289 695 3352 commotis
718 3289 758 3352 ad
784 3287 1018 3353 rebellationem
1041 3288 1288 3353 Trinobantibus

259 3391 290 3444 ot
307 3382 362 3464 qui
379 3382 431 3445 alii
448 3383 587 3445 nondum
611 3383 736 3446 servitio
755 3382 846 3447 fracti
867 3405 1025 3448 resumere
1042 3382 1218 3448 libertatem
1237 3407 1289 3448 oe-

259 3468 350 3539 cultis
377 3475 641 3539 coniurationibus
667 3472 864 3560 pepigerant,
892 3477 1042 3541 acerrimo
1064 3476 1097 3539 in
1122 3475 1288 3541 veteranOs

260 3570 344 3634 odio:
371 3569 487 3653 quippe
509 3569 541 3632 in
568 3568 721 3633 coloniam
745 3568 998 3634 Camulodunum
1019 3592 1128 3635 recens
1152 3570 1287 3646 deducti,

258 3664 349 3746 quasi
366 3673 510 3727 cunctam
523 3664 683 3749 regionem
697 3663 817 3728 muneri
833 3665 1038 3749 accepissent,
1049 3663 1216 3748 pellebant
1233 3665 1289 3728 do·

258 3757 372 3834 mibus,
392 3756 599 3821 exturbabant
617 3756 712 3842 agris,
731 3757 881 3840 captivoS,
902 3780 1009 3823 servos
1024 3757 1221 3842 appellando,
1240 3758 1288 3822 fo-

259 3845 413 3916 ventibus
433 3846 636 3936 inpotentiam
661 3861 878 3916 veteranorum
909 3852 1058 3917 militibus
1086 3852 1287 3916 similitudine

259 3946 341 4008 vitae
355 3955 385 4009 et
398 3938 465 4029 'spe‘
478 3946 618 4010 eiusdem
636 3945 788 4010 licentiae.
811 3946 851 4010 ad
864 3946 925 4011 hoo
938 3946 1089 4031 ternplum
1103 3946 1176 4010 divo
1192 3945 1287 4016 Clau-

259 4039 311 4101 dio
333 4029 535 4129 ¹constitutum
557 4041 648 4124 quasi
670 4064 725 4104 arx
748 4039 891 4105 aeternae
914 4039 1132 4105 dominationis
1155 4040 1287 4124 aspicie·

260 4131 360 4207 hatur,
373 4130 552 4216 'delectique
571 4136 748 4200 sacerdotes
768 4136 872 4221 specie
889 4136 1048 4221 religionis
1067 4134 1169 4199 omnis
1186 4134 1287 4198 fortu-
