2760 4874
421 403 874 488 ANNALIUMLIB.1.8-10.
1139 396 1160 463 9

132 493 251 546 nonme.

132 563 202 629 sola
220 562 340 647 speeies
359 559 507 627 adulandi
525 573 693 648 supererat
716 562 911 628 conclamant
927 573 1031 648 patres
1045 587 1158 651 corpus

132 657 174 722 ad
194 679 308 742 rogum
329 657 468 721 humeris
495 665 673 721 senatorum
695 657 873 723 ferendum:
898 659 1018 724 remisit
1041 658 1159 726 Caesar

132 751 298 837 adroganti
314 751 539 827 moderatione3
561 750 774 835 populumque
793 751 894 816 edicto
911 754 1032 818 monuit
1048 777 1101 832 ne,
1124 765 1159 818 ut

132 847 291 930 quondam
303 845 407 909 nimiis
422 844 532 909 studiis
546 843 642 908 funus
660 845 724 909 divi
737 845 810 908 Iulii
828 844 1015 922 turbassent,
1033 847 1078 911 ita
1090 847 1159 912 Au-

132 950 263 1026 gustum
279 939 313 1003 in
330 938 398 1004 foro
415 939 520 1024 potius
538 959 633 1020 quam
650 938 683 1001 in
701 960 811 1023 campo
830 939 953 1017 Martis,
972 941 1046 1004 sede
1064 941 1159 1005 desti-

131 1043 220 1110 nata,
244 1033 374 1097 eremari
394 1032 520 1096 vellent.
547 1031 598 1095 die
620 1031 738 1096 funeris
761 1032 875 1097 milites
897 1033 983 1097 velut
1003 1034 1158 1118 praesidio

132 1136 261 1204 stetere,
287 1126 420 1190 multum
445 1122 652 1190 inridentibus
673 1126 727 1208 qui
748 1126 810 1211 ipsi
835 1127 978 1191 viderant
1002 1128 1118 1211 quique
1139 1151 1159 1192 a

132 1219 314 1306 parentibus
337 1228 521 1304 acceperant
542 1219 626 1282 diem
642 1219 842 1283 illum'crudi
864 1219 966 1285 adhuc
989 1221 1105 1285 servitii
1128 1233 1158 1285 et

131 1313 283 1377 libertatis
299 1313 485 1397 inprospere
501 1312 664 1396 repetitae,
688 1334 760 1376 eum
783 1313 905 1377 occisus
928 1313 1059 1378 dictator
1077 1312 1158 1379 Cae·

132 1429 184 1471 sar
201 1406 271 1470 aliis
287 1406 475 1491 pessimum,
498 1405 567 1469 aliis
584 1405 827 1490 pulcherrimum
846 1406 968 1472 facinus
987 1408 1154 1472 videretur:

132 1523 216 1565 nunc
230 1522 338 1565 senem
351 1500 533 1584 principem,
547 1499 641 1584 longa
653 1501 800 1584 potentia,
814 1501 948 1584 provisis
962 1502 1055 1566 etiam
1068 1501 1157 1566 here-

131 1595 207 1658 dum
224 1594 258 1658 in
269 1617 337 1658 rem
348 1592 506 1679 publicam
520 1592 642 1678 opibus,
661 1593 777 1658 auxilio
792 1594 909 1658 scilicet
925 1595 1051 1659 militari
1067 1604 1157 1659 tuen·

131 1688 221 1764 dum,
240 1696 275 1751 ut
293 1686 453 1772 sepultura
470 1686 536 1750 eius
555 1685 661 1768 quieta
677 1685 767 1751 foret.

194 1779 317 1845 Multus
340 1780 413 1843 hinc
433 1779 504 1865 ipso
527 1779 566 1842 de
584 1778 733 1865 Augusto
755 1803 872 1858 sermo,
894 1781 1051 1866 plerisque
1074 1804 1188 1850 vanae
1303 1799 1308 1810 '

130 1873 330 1938 mirantibus:
348 1873 433 1955 quod
450 1873 533 1936 idem
548 1873 615 1937 dies
629 1874 748 1958 accepti
766 1875 924 1957 quondam
937 1876 1058 1960 imperii
1071 1877 1156 1961 prin-

131 1990 219 2053 ceps
233 1976 264 2032 et
289 1967 372 2031 vitae
398 1988 577 2052 supremus3
604 1967 688 2049 quod
710 1967 808 2031 Nolae
833 1968 866 2032 in
892 1968 985 2034 domo
1012 1977 1042 2032 et
1068 1970 1155 2035 cubi-

129 2063 215 2138 culo,
233 2062 267 2125 in
284 2082 346 2144 quo
362 2069 452 2145 pater
469 2060 535 2125 eius
555 2058 723 2138 Octavius,
743 2062 839 2126 vitam
857 2061 1023 2141 finivisset;
1046 2086 1155 2127 nume·

128 2178 183 2220 rus
197 2155 291 2218 etiam
304 2154 521 2218 consulatuum
535 2154 757 2232 celebrabatur,
772 2177 834 2238 quo
844 2155 1005 2221 Valerium
1016 2155 1155 2222 Corvum

129 2257 161 2313 et
184 2247 222 2314 C.
245 2246 383 2311 Marium
407 2247 498 2311 simul
520 2258 721 2330 aequaverat3
749 2250 928 2313 continuata
952 2272 1009 2339 per
1035 2258 1154 2334 septem

129 2351 161 2406 et
185 2342 313 2428 triginta
339 2363 437 2406 annos
459 2340 623 2405 tribunicia
644 2350 797 2425 potestas,
824 2363 938 2405 nomen
960 2342 1154 2426 imperatoris

130 2435 228 2500 semel
251 2443 344 2518 atque
366 2435 607 2519 viciespartum
630 2434 752 2516 aliaque
768 2434 929 2498 >honorum
950 2433 1155 2520 multiplicata

128 2538 183 2594 aut
204 2551 296 2593 nova.
319 2537 351 2592 at
373 2528 458 2614 apud
477 2528 647 2612 prudentes
669 2528 735 2592 vita
752 2528 819 2591 eius
842 2527 928 2591 varie
950 2527 1155 2593 extollebatur

128 2621 371 2709 arguebaturve:
398 2622 431 2684 hi
451 2622 567 2706 pietate
589 2643 665 2707 erga
686 2631 846 2707 parentem
869 2630 900 2685 et
925 2621 1155 2688 necessitudine

127 2718 173 2780 rei
190 2716 348 2803 publicae,
371 2716 488 2799 inqua
510 2716 615 2780 nullus
638 2726 716 2780 tunc·
734 2715 857 2801 legibus
880 2716 1049 2807 locamur!
1066 2736 1169 2797 erma·

128 2810 233 2874 civilia
250 2819 364 2887 actum,
383 2831 464 2893 quae
481 2819 582 2892 n’eque
596 2810 699 2894 parari
707 2819 837 2894 possent
853 2830 955 2894 neque
972 2808 1086 2877 haberi·
1096 2832 1154 2896 per

128 2904 343 2982 bonasartes3
365 2903 463 2985 multa
480 2902 636 2980 Antonio,
660 2927 728 2967 cum
750 2904 964 2969 interfectores
986 2902 1084 2990 patris
1105 2902 1155 2968 ul-

128 2999 311 3074 cisceretur,
338 2998 436 3062 multa
459 2998 584 3083 Lepido
607 2999 810 3063 concessisse.
837 2991 1004 3087 postquam
1029 2998 1082 3064 hic
1103 3020 1154 3064 so·

128 3085 235 3156 cordia
253 3092 407 3169 senuerit,
429 3092 482 3155 ille
503 3113 561 3176 per
581 3091 725 3156 libidines
748 3115 877 3178 pessum
898 3094 990 3157 datus
1013 3091 1067 3170 sit,
1089 3114 1154 3157 non

127 3185 214 3250 aliud
227 3186 433 3250 discordantis
446 3186 565 3270 patriae
578 3186 751 3250 remedium
764 3187 863 3251 fuisse
879 3209 973 3270 quam
986 3199 1020 3250 at
1037 3185 1076 3250 ab
1089 3208 1153 3251 uno

126 3285 301 3365 regeretur3
319 3301 382 3343 non
399 3301 496 3365 regno
510 3288 614 3343 tamen
631 3301 733 3362 neque
751 3280 911 3357 dictatura,
932 3280 988 3345 sed
1004 3279 1152 3365 principis

126 3373 253 3437 nomine
266 3373 466 3437 constitutam
480 3395 546 3436 rem
553 3372 732 3458 ‘publieam3
751 3375 829 3438 mari
844 3371 974 3438 Oceano
988 3381 1042 3435 aut
1054 3372 1153 3435 amni-

17 3519 22 3525 .
127 3465 188 3530 bus
209 3465 387 3552 longinquis
411 3476 553 3552 saeptum
578 3467 757 3552 imperium3
784 3467 938 3552 legiones,
964 3465 1150 3550 provincias,
1262 3470 1267 3478 '

127 3559 260 3636 classes,
283 3568 396 3624 cuncta
417 3559 497 3623 inter
515 3581 549 3624 se
566 3582 721 3638 conuexa3
744 3561 793 3625 ius
816 3552 902 3644 apud
922 3559 1021 3634 cives,
1045 3558 1152 3622 mode·
1247 3567 1248 3570 ’

127 3652 220 3716 stiam
237 3653 322 3737 apud
339 3653 441 3718 socios
446 3677 455 3731 3
478 3653 588 3718 urbem
605 3654 707 3738 ipsam
724 3654 890 3738 magnifico
909 3660 1032 3728 ornatu3
1050 3672 1151 3736 pauca
1210 3675 1213 3680 ·

126 3746 297 3809 admodum
314 3747 347 3809 vi
364 3756 508 3824 tractata,
527 3769 589 3829 quo
608 3747 718 3810 ceteris
737 3747 824 3828 quies
844 3754 936 3809 esset.

190 3838 365 3905 Dicebatur
382 3849 502 3904 contra:
525 3841 673 3926 pietatem
691 3862 766 3924 erga
782 3849 944 3924 parentem
962 3847 993 3902 et
1010 3847 1150 3924 tempora
1170 3858 1200 3906 10

124 3931 327 4019 reipublicae
340 3934 480 3999 obtentui
498 3943 636 4020 sumpta3
656 3943 793 3998 ceterum
808 3933 951 4018 cupidine
970 3933 1150 3996 dominandi

124 4025 264 4090 concitos
276 4048 333 4111 per
344 4027 540 4112 largitionem
554 4036 726 4104 veteranos,
741 4037 884 4112 paratum
898 4025 938 4091 ab
951 4027 1149 4091 adulescente

124 4118 248 4204 privato
266 4121 448 4199 exercitum,
467 4130 627 4207 corruptas
646 4122 782 4187 consulis
800 4121 953 4208 legiones,
973 4121 1148 4188 simulatam
