2760 4874
215 398 278 463 190
563 405 748 463 CORNELII
762 406 894 464 ΤΑΟΙΤΙ

1136 508 1157 538 a
1168 509 1190 539 u.
1201 500 1248 539 eoo.

212 570 292 645 cios,
315 566 393 630 nihil
410 566 495 630 aliud
511 564 696 651 prolocutus
718 586 813 647 quam
835 564 945 630 beatos
967 565 1131 649 quondam
1148 566 1246 632 duces

213 663 387 736 Romanos,
417 661 541 745 signum
563 658 702 743 receptui
724 658 819 722 dedit.
847 668 882 722 ut
903 671 1009 723 tamen
1030 660 1124 725 miles
1147 661 1246 725 otium

212 767 349 832 exueret,
369 754 448 818 inter
465 753 591 818 Mosam
605 752 813 835 Rhenumque
831 753 925 817 trium
943 764 975 817 et
990 753 1106 839 aiginti
1124 754 1246 818 milium

212 851 313 960 spatio
328 849 446 913 lessam
458 847 631 932 praeduxit,
647 868 710 929 qua
722 847 839 911 incerta
854 844 976 912 Oceani
990 857 1182 912 vetarentur
1201 849 1247 912 in-

212 945 315 1031 signia
328 955 433 1008 tamen
445 941 593 1027 triumphi
606 941 734 1005 indulsit
747 938 876 1019 Caesar,
894 941 1040 1025 quamtis
1053 934 1175 1007 bellum
1192 965 1247 1007 ne-

255 1039 361 1102 visset.

212 1062 255 1125 ga
277 1132 343 1197 Nec
360 1129 458 1194 multo
472 1141 544 1215 post
559 1128 688 1194 Curtius
701 1127 806 1193 Rufus
825 1128 1127 1196 eundcmbonorcm
1146 1130 1247 1215 adipi·

212 1227 321 1303 seitur,
344 1225 448 1309 quiin
466 1246 542 1309 agro
559 1221 712 1287 Mattiaco
734 1222 902 1289 recluserat
921 1244 1036 1308 specus
1054 1225 1245 1307 quaerendis

211 1320 300 1384 venis
319 1319 453 1404 argenti3
477 1318 560 1381 unde
577 1317 680 1381 tenuis
698 1317 819 1381 fructus
837 1339 895 1382 nec
912 1317 944 1381 in
962 1317 1096 1403 longum
1114 1317 1192 1395 suit,
1214 1329 1246 1382 at

210 1413 386 1499 legionibus
409 1433 481 1475 cum
499 1411 613 1475 damno
635 1410 736 1488 labor,
760 1411 901 1496 effodere
922 1411 1023 1488 rivos,
1045 1433 1195 1495 quaeque
1212 1412 1244 1477 in

211 1518 318 1593 aperto
340 1506 462 1593 gravia,
485 1506 615 1569 hamum
633 1504 715 1569 infra
732 1505 844 1569 moliri.
871 1505 942 1589 quis
964 1504 1118 1571 subactus
1141 1507 1242 1580 miles,

210 1611 241 1666 et
259 1601 332 1685 quia
350 1600 455 1685 plures
473 1622 530 1684 per
547 1600 723 1684 provincias
742 1599 856 1663 similia
872 1598 1095 1677 tolerabantur,
1115 1622 1244 1685 compo

209 1696 255 1759 nit
272 1696 410 1759 occultas
428 1694 463 1756 lit
452 1705 546 1758 tter-as
564 1693 689 1757 nomine
707 1693 909 1771 exercituum,
928 1693 1127 1802 precantium
1144 1693 1244 1779 impe-

168 1840 171 1845 .
209 1799 344 1853 retorem
363 1798 405 1863 ut,
426 1786 539 1870 quibus
557 1788 767 1872 permissurus
781 1797 865 1852 esset
882 1787 1048 1865 exercitus,
1067 1787 1244 1921 triumpha-

211 1881 253 1946 lia
270 1892 342 1945 ante
360 1880 517 1945 tribueret.

159 1998 189 2045 21
272 1975 326 2040 De
344 1975 463 2061 origine
483 1974 584 2040 Curtii
602 1975 690 2052 Rufi,
709 1997 841 2060 quem
822 1975 993 2043 eladiotore
1010 1975 1157 2061 genitum
1174 1976 1243 2059 qui·

209 2070 284 2135 dam
308 2071 485 2155 prodidere,
513 2091 614 2152 neque
640 2068 721 2133 salsa
746 2069 953 2154 prompserim
974 2078 1006 2133 ct
1027 2091 1105 2135 vera
1127 2070 1241 2152 exequi

209 2165 315 2250 pudet.
341 2173 509 2249 postquam
532 2162 681 2240 adolevit,
705 2172 839 2227 sectator
860 2162 1034 2246 quaestoris
1057 2163 1111 2227 cui
1128 2161 1242 2229 Africa

208 2257 376 2345 obtigerat,
401 2258 476 2321 dum
498 2257 531 2321 in
554 2258 670 2342 oppido
691 2255 867 2321 Adrumeto
889 2257 998 2321 vacuis
1019 2277 1077 2341 per
1098 2257 1240 2322 medium
1321 2300 1323 2303 ·

209 2353 272 2419 diei
289 2351 459 2438 porticibus
478 2361 615 2416 secretus
634 2352 746 2437 agitat,
765 2350 871 2415 oblata
888 2351 917 2416 ei
935 2351 1056 2437 species
1074 2351 1239 2417 muliebris

208 2445 289 2510 ultra
311 2447 438 2510 modum
460 2445 631 2510 humanum
654 2456 686 2509 et
707 2445 814 2509 audita
835 2454 884 2510 est
905 2467 968 2510 vox
992 2454 1046 2523 „tu
1068 2467 1120 2523 es,
1143 2440 1238 2522 Rufe,

208 2541 312 2624 quiin
330 2541 410 2604 hanc
422 2540 614 2625 provinciam
632 2562 689 2624 pro
707 2539 836 2604 consule
854 2539 991 2604 venies.“
1014 2539 1070 2603 tali
1084 2540 1191 2604 omina
1208 2541 1240 2604 in

208 2657 298 2719 spem
320 2634 461 2698 sublatus
485 2634 746 2742 degressusque
738 2657 771 2697 m
793 2632 953 2698 urbcmet
940 2633 1075 2719 tlargit
1066 2656 1144 2698 rone
1163 2635 1240 2699 ami·

208 2750 325 2804 corum,
346 2728 515 2820 simulacri
529 2728 665 2813 ingenio,
680 2734 922 2836 quaesturamet
934 2750 1009 2791 mox
1020 2726 1168 2792 nobiles
1160 2740 1240 2792 mter

208 2821 353 2884 candidat
342 2830 389 2883 tos
403 2824 590 2904 praeturam
606 2821 756 2906 principis
775 2821 925 2907 suffragio
948 2821 1142 2904 assequitur,
1166 2844 1239 2885 cum

207 2912 1125 2986 ΙιίιιιιιιιιιὶιΤίιιιιίιιιιΙιιιιιιιιιιιιιιΙίιιιιιιίιιινιΙιινὶιιιι.
1137 2916 1240 2996 „Cur-

207 3007 269 3071 tius
283 3007 386 3071 Rufus
405 3008 490 3070 videt
479 3018 528 3071 tur
540 3009 617 3072 mihi
635 3033 674 3074 ex
692 3033 726 3074 se
743 3015 867 3074 natue.“
889 3010 985 3096 longa
1001 3021 1075 3095 post
1062 3011 1172 3076 thaec
1191 3034 1239 3075 se-

207 3112 311 3178 necta,
338 3109 370 3165 et
391 3102 542 3167 adversus
566 3104 739 3188 superiores
759 3105 842 3169 tristi
866 3104 1068 3179 adulatione,
1085 3128 1238 3192 arrogans

207 3196 388 3274 minoribus,
403 3197 483 3261 inter
496 3221 586 3283 pares
601 3199 747 3275 difficilis,
760 3199 925 3263 consulare
937 3198 1114 3283 imperium,
1130 3200 1239 3263 trium-

206 3292 260 3377 phi
278 3292 427 3378 insignia,
451 3314 487 3356 ac
504 3303 663 3377 postremo
680 3291 825 3357 Africam
842 3293 989 3370 obtinuit3
1008 3301 1104 3376 atquc
1121 3293 1168 3359 ibi
1186 3295 1238 3357 de-

135 3430 140 3441 ·
206 3387 334 3453 functus
351 3387 447 3451 fatale
464 3388 663 3473 praesagium
681 3387 831 3472 implevit.

157 3501 188 3547 ιι
222 3538 227 3543 .
271 3483 396 3546 Interea
408 3481 528 3546 Romae
547 3483 640 3546 nullis
658 3482 762 3566 palam
780 3504 882 3564 neque
895 3481 1029 3567 cognitis
1042 3502 1119 3545 mox
1133 3482 1237 3546 causis

208 3575 267 3640 Cn.
286 3576 422 3652 Nonius,
442 3598 538 3658 eques
556 3577 734 3652 Romanus,
757 3575 839 3640 ferro
857 3577 1015 3640 accinctus
1033 3576 1191 3660 reperitur
1207 3576 1238 3638 in

207 3680 297 3734 coetu
316 3670 506 3734 salutantum
524 3669 709 3754 principem3
733 3693 805 3733 nam
823 3680 990 3755 postquam
1008 3670 1176 3734 tormentis
1193 3669 1238 3732 di-

206 3764 394 3842 laniabatur,
414 3766 453 3828 dc
472 3786 506 3828 se
523 3787 587 3829 non
604 3766 751 3852 infitiatus
770 3766 911 3829 conscios
929 3787 993 3828 nou
1011 3763 1119 3842 edidit,
1139 3764 1237 3828 incer-

206 3870 274 3922 tum
292 3882 332 3922 an
351 3859 519 3924 occultans.

271 3954 377 4017 Isdem
390 3955 570 4019 consulibus
579 3955 617 4018 P.
628 3953 795 4018 Dolabella
809 3955 931 4020 censuit
940 3953 1157 4039 spectaculum
1170 3953 1236 4040 gla-

205 4048 360 4111 diatorum
373 4071 430 4132 per
442 4072 550 4114 omnes
565 4073 662 4114 annos
677 4048 897 4113 celebrandum
910 4048 1045 4134 pecunia
1058 4070 1171 4115 cerum
1183 4046 1235 4130 qui
1345 4076 1348 4087 ·

205 4151 405 4225 quaesturam
423 4144 676 4228 adipiscerentur.
700 4144 784 4229 apud
802 4145 935 4210 maiores
953 4143 1081 4211 virtutis,
1096 4143 1130 4207 id
1147 4163 1235 4228 prae-
