2760 4874
266 400 308 463 42
611 414 794 470 CORNELII
808 412 941 470 TACITI

1179 518 1198 547 a.
1209 519 1231 547 u.
1242 511 1286 548 too.

156 612 157 616 =
266 576 333 659 cipe
351 596 389 638 ao
406 574 552 658 deinceps
570 573 667 649 fuere,
686 574 740 636 vix
756 573 923 655 quicquam
937 573 1059 639 firmare
1073 575 1188 639 ausim:
1207 577 1288 642 adeo

265 672 389 735 diversa
405 691 469 734 non
485 668 578 732 modo
596 668 681 752 apud
698 677 840 730 auctores
858 667 915 730 sed
931 667 965 730 in
981 668 1080 753 ipsius
1095 669 1286 736 orationibus

264 765 473 849 reperiuntur:
505 763 602 828 modo
633 759 799 826 subtractis
833 761 1071 827 candidatorum
1106 763 1286 829 nominibus

265 861 416 946 originem
434 858 586 939 cuiusque
604 866 635 920 et
652 855 748 919 vitam
767 864 798 918 et
815 855 970 940 stipendia
987 857 1161 942 descripsit,
1179 867 1215 921 ut
1232 860 1287 940 qui

264 955 368 1018 forent
388 951 634 1037 intellegeretur3
661 948 828 1032 aliquando
850 971 888 1014 ea
909 972 1034 1033 quoque
1060 951 1287 1036 significatione

265 1046 437 1123 subtracta,
464 1044 646 1110 candidatos
669 1043 809 1107 hortatus
831 1065 871 1107 ne
893 1043 1012 1108 ambitu
1034 1044 1159 1109 comitia
1180 1044 1287 1110 turba—

263 1151 342 1218 rent,
361 1162 451 1206 suam
468 1138 509 1203 ad
525 1139 559 1202 id
576 1159 682 1202 curam
700 1136 856 1222 pollicitus
874 1146 935 1215 θεὶς
953 1137 1136 1222 plerumque
1149 1160 1203 1203 eos
1218 1147 1287 1202 tan·

264 1247 331 1299 tum
348 1235 432 1320 apud
450 1255 484 1298 se
501 1232 661 1318 professos
679 1231 838 1308 disseruit,
857 1253 989 1315 quorum
1007 1233 1134 1297 nomina
1151 1233 1287 1298 consuli-

263 1329 323 1393 bus
342 1327 499 1403 edidisset,
518 1347 612 1410 posse
626 1334 658 1389 et
670 1324 747 1389 alios
761 1326 907 1410 profiteri,
927 1326 955 1390 si
967 1327 1086 1412 gratiae
1099 1337 1153 1390 aut
1166 1327 1285 1392 meritis

264 1420 466 1485 confiderent:
486 1419 629 1503 speciosa
645 1417 759 1495 verbis,
778 1439 811 1483 re
829 1419 934 1484 inania
950 1429 1005 1484 aut
1023 1419 1164 1497 subdola,
1187 1442 1286 1502 quan-

263 1524 357 1597 toque
374 1514 490 1578 maiore
506 1511 658 1576 libertatis
675 1512 811 1598 imagine
825 1512 1019 1599 tegebantur,
1038 1522 1124 1579 tanto
1138 1524 1286 1598 eruptura

263 1607 304 1672 ad
320 1607 473 1672 infensius
492 1605 660 1673 servitium.

578 1965 793 2022 CORNELII
815 1964 969 2046 TACITI

446 2106 1101 2203 ANNALIUM

509 2285 559 2334 AB
576 2285 747 2336 Excusso
765 2285 847 2334 DIVI
864 2283 1031 2336 AUGUSTI

574 2440 709 2496 arans
727 2405 972 2498 secuturus

678 2596 861 2637 BREVIARIUM.

315 2680 382 2750 Cap.
394 2679 512 2733 l.Initio
521 2679 591 2733 belli
600 2679 733 2734 Parthici.
751 2680 898 2750 Phraates,
908 2680 1136 2750 Vononispater.
1154 2681 1285 2737 Nono·

263 2775 314 2811 nes
324 2756 510 2826 popularibus
520 2755 635 2809 invisus.
653 2756 678 2808 3.
689 2756 725 2810 ab
735 2755 881 2811 Artabano
892 2758 1000 2827 pulsus,
1015 2757 1053 2811 ad
1061 2755 1211 2811 Amenios
1221 2774 1285 2827 pro-

263 2833 359 2903 fugus.
379 2839 402 2884 4.
412 2829 581 2885 inArmenia
590 2832 708 2886 mutatio
718 2849 823 2903 regum.
842 2833 866 2887 5.
874 2833 1058 2889 Germanicus
1067 2833 1285 2889 inridia'l'iberii

263 2913 412 2963 revocatus
420 2909 576 2976 Germanos
586 2909 737 2963 confestim
746 2911 864 2980 aggredi
872 2916 963 2980 parat.
981 2911 1006 2964 6.
1014 2910 1112 2964 classis
1122 2911 1192 2965 eius.
1210 2911 1285 2966 Rhe·

262 3004 325 3064 nus.
344 2985 368 3038 7.
378 2983 495 3054 irruptio
505 2984 534 3037 in
544 2983 670 3040 Chattos.
688 3003 739 3041 ara
750 2986 838 3041 Drusi
847 2987 986 3041 restituta.
1007 2987 1033 3041 8.
1048 2987 1284 3042 fossaDrusiana.

262 3061 378 3115 Amisia.
410 3061 440 3114 in
453 3062 575 3117 rebelles
588 3061 773 3134 Angrivarios
790 3065 1024 3120 animadversum.
1051 3067 1076 3120 9.
1088 3064 1208 3120 Arminii
1222 3082 1285 3120 cum

263 3141 351 3195 fratre
362 3140 542 3211 colloquium.
564 3141 605 3195 1o.
615 3142 681 3196 inde
690 3142 733 3197 ira
743 3148 772 3196 et
780 3143 908 3213 iurgium.
935 3144 975 3197 11.
984 3143 1128 3215 Visurgim
1136 3149 1287 3198 transeunt

262 3218 391 3273 Romani.
416 3218 589 3273 Batavorum
599 3220 758 3275 discrimen.
786 3219 975 3274 Chariovalda
984 3237 1093 3275 caesus.
1115 3221 1156 3275 12.
1168 3221 1284 3276 Germa-

262 3296 344 3352 nicus
353 3296 471 3349 militum
481 3295 589 3350 animos
600 3297 735 3367 explorat.
763 3297 804 3351 13.
819 3296 976 3367 transfugis
993 3296 1147 3367 praemium
1161 3310 1284 3366 pronun·

262 3375 363 3429 tiatum
373 3391 390 3429 a
401 3373 558 3445 Germanis,
573 3392 640 3429 mon
652 3375 753 3429 castris
762 3375 898 3432 Romanis
912 3375 1092 3430 adsultatum
1110 3373 1203 3428 1415.
1216 3374 1285 3430 Ger-

263 3450 366 3505 manici
375 3450 511 3505 somnium
521 3452 633 3506 laetum.
652 3449 1284 3506 eiusetArminiiorationesadsuos.16.loous

262 3546 386 3600 pugnae,
397 3528 679 3598 campusldistaviso.
698 3528 821 3582 acierum
830 3527 987 3582 instructio.
1002 3527 1173 3582 17.faustum
1181 3527 1284 3598 Roma-

262 3607 307 3661 nis
317 3607 472 3677 augurium.
491 3606 769 3676 iugaGermanorum
779 3610 808 3659 et
817 3606 921 3659 clades.
948 3605 1143 3674 18.tropaeum
1151 3603 1284 3672 positum.

263 3686 305 3738 19.
320 3701 375 3755 quo
387 3684 527 3738 dedecore
543 3699 664 3737 aceensa
674 3699 744 3752 gens
753 3682 860 3736 bellum
873 3681 996 3735 resumit.
1013 3682 1055 3734 20.
1065 3680 1284 3750 acritcrpugna·

263 3767 331 3816 tum.
358 3762 400 3815 21.
414 3760 531 3814 vincunt
547 3760 662 3814 tandem
673 3759 803 3828 Romani,
823 3775 992 3829 quamquam
1005 3757 1139 3828 ambiguo
1158 3757 1285 3827 equitum

263 3838 381 3908 proelio.
408 3836 915 3892 22.monumentumettitulusrerum
923 3832 1099 3904 magnificus.
1124 3831 1284 3887 aaronitas

264 3915 355 3969 classe
364 3913 478 3969 revecti.
489 3951 491 3955 r
504 3913 547 3968 Ἃ
561 3930 595 3968 ex
605 3917 773 3982 tempestate
784 3911 929 3966 calamitas
940 3916 969 3965 et
976 3928 1067 3980 paene
1078 3909 1200 3972 exitium.
1227 3909 1284 3963 col·

263 3990 331 4045 lecti
339 3989 478 4060 naufragi.
496 3989 599 4044 25.hac
607 3990 722 4044 fortuna
732 3994 842 4043 erectos
853 3989 945 4043 denuo
952 3988 1109 4043 Germanos
1119 3985 1285 4057 aggreditur

265 4066 449 4121 Germanicus
465 4067 621 4138 caeditque.
641 4066 723 4120 simul
735 4065 859 4136 aquilam
872 4064 1025 4121 Varianam
1038 4062 1147 4132 recipit.
1173 4063 1216 4116 26.
1226 4067 1284 4115 tum

262 4161 314 4214 per
327 4141 461 4196 invidiam
469 4148 618 4198 revocatur
627 4161 644 4197 a
653 4142 776 4196 Tiberio.
798 4143 840 4196 27.
851 4141 924 4195 Libo
934 4141 1045 4195 Drusus
1059 4141 1096 4194 ab
1106 4138 1197 4193 amico
1208 4139 1284 4193 dela-
