2760 4874
387 361 590 419 ANNALIUill
608 361 681 414 LIB.
696 361 759 416 XV.
777 361 897 416 47-51.
1089 351 1151 415 305

127 465 146 502 p.
158 452 241 492 Cbbb.

124 522 268 606 publicae
287 521 426 586 sociavit.
445 529 478 584 at
495 518 624 583 Flavius
645 516 818 583 Scaevinus
837 529 868 583 et
877 517 1029 584 Afranius
1049 520 1150 602 Quin-

125 617 238 693 tianus,
257 625 387 698 uterque
406 614 552 701 senatorii
571 614 698 691 ordinis,
717 624 825 678 contra
841 614 959 678 famam
975 617 1024 679 sui
1036 618 1150 701 princi-

124 711 212 795 pium
230 710 307 774 tanti
324 710 471 773 facinoris
491 709 711 793 capessivere3'
727 732 802 773 nam
822 707 979 775 Scaevino
997 711 1150 776 dissoluta

125 803 201 866 luxu
223 826 311 867 mens
339 813 371 866 et
394 803 525 887 proinde
547 803 612 891 vita
638 825 747 867 somno
769 803 931 889 languida:
960 803 1148 886 Quintianus

125 898 255 962 mollitia
277 897 414 982 corporis
441 896 567 960 infamis
595 907 626 959 et
648 920 667 960 a
688 896 813 961 Nerone
834 897 986 982 probroso
1013 900 1149 963 carmine

124 993 305 1055 diffamatus
324 991 527 1055 contumelias
545 989 645 1053 ultum
660 989 739 1054 ibas
755 1013 830 1076 ergo
844 993 918 1055 dum
933 992 1052 1056 scelera
1064 993 1149 1078 prin-
1167 1011 1199 1057 50

125 1088 217 1171 cipis,
245 1095 276 1150 et
293 1085 387 1149 finem
406 1085 517 1149 adesse
535 1085 680 1169 imperio,
704 1086 966 1171 deligendumque
984 1089 1038 1170 qui
1054 1089 1148 1156 fessis

123 1181 217 1245 rebus
241 1188 448 1255 succurreret,
475 1178 556 1241 inter
578 1202 612 1243 se
630 1190 684 1242 aut
705 1179 785 1243 inter
803 1181 919 1246 amicos
938 1182 1067 1259 iaciunt,
1095 1184 1149 1246 ad·
1230 1196 1272 1265 ᾖ,
1361 1198 1366 1211 ’

124 1295 295 1359 gregavere
321 1273 484 1336 Claudium
497 1269 729 1348 Senecionem,
758 1271 942 1337 Cervarium
968 1274 1147 1352 Proculum,
1250 1278 1253 1283 ’

125 1367 304 1439 Vulcatium
314 1365 489 1442 Araricum,
508 1365 625 1429 Iulium
638 1364 851 1454 Augurinum,
866 1366 1050 1432 Munatium
1068 1366 1149 1434 Gra-

124 1471 204 1536 tum,
223 1458 398 1541 Antonium
415 1459 574 1535 Natalem,
597 1457 755 1523 Marcium
772 1460 917 1538 Festum,
941 1461 1061 1545 equites
1083 1462 1149 1527 Ro-

123 1575 232 1618 manos
238 1579 247 1632 ;
275 1552 446 1636 exquibus
466 1550 614 1629 Seneci0,
638 1575 655 1616 e
672 1554 843 1638 praecipua
859 1553 1069 1619 familiaritate
1086 1554 1149 1620 Ne-

122 1648 218 1724 ronis,
246 1647 383 1733 speciem
409 1646 680 1722 amicitiaeetiam
703 1655 770 1710 tum
792 1648 928 1712 retinens
947 1670 984 1712 eo
1006 1637 1148 1733 pluribus

123 1741 268 1825 perieulis
286 1740 535 1828 conflictabatur3
558 1739 678 1804 Natalis
700 1741 856 1827 particeps
879 1742 920 1805 ad
937 1765 1029 1806 omne
1048 1748 1150 1807 sec're-

123 1844 190 1897 tum
207 1834 317 1900 Pisoni
343 1844 421 1911 erat3
449 1834 566 1899 ceteris,
587 1856 659 1918 spes
686 1827 725 1898 es
746 1835 836 1899 novis
858 1835 952 1900 rebus
974 1835 1147 1920 petebatur.

124 1929 262 1992 adscitae
280 1937 353 1992 sunt
371 1927 626 2013 superSubrium
645 1938 676 1992 et
692 1927 879 2014 Sulpicium,-
897 1931 936 1993 de
954 1930 1069 2014 quibus
1087 1941 1149 1995 ret-

124 2021 195 2097 tuli,
221 2021 369 2085 militares
392 2045 503 2086 manus
523 2020 644 2086 Gavius
669 2019 817 2086 Silvanus
841 2032 872 2086 et
895 2021 1015 2088 Statius
1036 2022 1149 2110 Proxi-

123 2137 208 2191 mus,
236 2114 351 2179 tribuni
369 2116 542 2180 cohortium
559 2116 800 2200 praetoriarum,
826 2113 1147 2198 Maximus'Scaurus

124 2218 155 2272 et
180 2207 322 2274 Venetus
348 2208 468 2274 Paulus
496 2210 692 2275 centuriones
699 2235 708 2288 3
736 2211 793 2274 sed
820 2216 977 2273 summum
999 2209 1095 2273 robur
1115 2210 1148 2273 in

123 2303 241 2367 Faenio
251 2303 336 2367 Rufo
354 2304 512 2389 praefecto
531 2304 703 2381 videbatur,
723 2325 816 2386 quem
835 2304 899 2379 vita
911 2303 1063 2386 ‘famaque
1082 2303 1149 2367 lau-

124 2397 231 2479 datum
248 2419 304 2482 per
323 2397 483 2462 saevitiam
500 2397 777 2482 inpudicitiamque
796 2396 970 2482 Tigellinus
992 2397 1026 2460 in
1043 2397 1148 2460 animo

122 2491 271 2576 principis
290 2491 428 2556 anteibat
445 2490 660 2576 fatigabatque
678 2489 945 2554 criminationibus
959 2507 996 2554 ac
1009 2513 1102 2575 saepe
1116 2491 1149 2554 in

72 2649 75 2657 ,
123 2595 242 2649 metum
260 2586 432 2649 adduxerat
450 2585 541 2668 quasi
562 2585 736 2653 adulterum
755 2584 950 2670 Agrippinae
974 2594 1005 2648 et
1027 2583 1149 2650 deside'-

123 2680 169 2743 rio
188 2680 255 2744 eius
274 2680 384 2744 ultioni
400 2681 564 2745 intentum.
583 2680 679 2765 igitur
696 2678 750 2742 ubi
768 2679 936 2743 coniuratis
954 2679 1148 2764 praefectum

124 2795 248 2856 quoque
266 2774 413 2858 praetorii
430 2773 463 2837 in
484 2782 588 2858 partes
613 2765 812 2837 descendisse
836 2772 944 2836 crebro
966 2773 1065 2859 ipsius
1084 2796 1149 2838 ser-

124 2890 216 2932 mone
234 2866 318 2931 facta
335 2867 428 2943 fides,
451 2867 625 2953 promptius
643 2866 705 2931 iam
724 2867 763 2930 de
781 2875 920 2952 tempore
938 2890 975 2932 ac
992 2867 1060 2933 loco
1079 2882 1149 2934 cae·

124 2962 173 3027 dis
191 2961 365 3047 agitabant3
385 2971 416 3025 et
433 2962 553 3046 cepisse
571 2962 723 3046 impetum
743 2959 877 3026 Subrius
890 2961 1008 3026 Flavus
1027 2962 1148 3027 fereba-

125 3068 175 3120 tur
200 3056 233 3119 in
260 3077 354 3119 scena
379 3067 543 3122 canentem
568 3056 726 3120 Neronem
753 3055 968 3140 adgrediendi,
996 3065 1050 3118 aut
1076 3078 1147 3119 cum

125 3149 286 3212 abscedens
300 3149 393 3213 domo
406 3159 597 3233 pernoctem
611 3148 673 3226 huc
686 3149 760 3212 illuc
774 3158 912 3211 cursaret
925 3148 1147 3212 incustoditus:

125 3242 176 3306 hic
202 3242 325 3307 occasio
348 3242 538 3320 solitudinis,
565 3243 609 3306 ibi
631 3243 701 3327 ipsa
719 3241 908 3323 frequentia,
932 3241 1010 3303 tanti
1028 3241 1148 3329 decoris
1227 3256 1229 3259 ·

126 3335 213 3399 testis
230 3335 448 3420 pulcherrimo,
467 3336 606 3400 animum
619 3334 885 3410 extimulaverant,
904 3333 965 3397 nisi
982 3333 1150 3418 impunita

125 3429 164 3494 tis
183 3431 296 3514 cupido
313 3431 501 3508 retinuisset,
521 3429 644 3515 magnis
664 3451 788 3514 semper
805 3427 970 3497 conatibus
989 3429 1130 3492 adversa.

188 3524 318 3589 Interim
333 3524 550 3590 cunctantibus
563 3522 852 3609 prolatantibusque
870 3543 958 3605 spem
976 3542 1013 3584 ac
1031 3529 1148 3584 metum
1167 3539 1195 3584 51

124 3618 290 3703 Epicharis
309 3619 472 3702 quaedam,
491 3603 650 3689 inc'ertunin
662 3638 799 3700 quonam
817 3616 912 3680 modo
931 3615 1089 3679 sciscitata
1106 3653 1147 3662 -

125 3733 226 3793 neque
243 3713 288 3775 illi
306 3720 377 3776 ante
395 3710 459 3776 ulla
475 3732 580 3774 rerum
597 3709 796 3774 honestarum
821 3731 896 3773 cura
918 3708 1020 3771 fuerat
1037 3746 1079 3755 -
1098 3730 1149 3774 ac-

126 3805 257 3869 cendere
275 3815 306 3869 ct
323 3826 458 3890 arguere
472 3804 663 3879 coniuratos,
691 3825 728 3866 ac
744 3813 938 3887 postremum
955 3801 1148 3866 lentitudinis

126 3920 233 3962 eorum
250 3902 393 3982 pertaesa
410 3908 440 3962 et
459 3898 491 3961 in
502 3896 676 3982 Campania
693 3919 790 3983 agens
808 3897 960 3982 primores
975 3895 1149 3961 classiario-

125 4014 196 4056 rum
213 3990 441 4057 Misenensium
467 3991 641 4056 labefaeere
664 4000 696 4055 et
718 3990 908 4055 conscientia
930 3989 1051 4076 illigare
1071 3987 1148 4055 'con-

126 4086 196 4150 nisa
213 4095 262 4149 est
282 4085 337 4150 tali
357 4085 458 4151 initio:
485 4096 561 4151 erat‘
569 4086 744 4150 nauarchus
767 4085 799 4150 in
818 4108 855 4150 ea
877 4085 978 4150 cla'sse
996 4083 1147 4150 Volusius

180 4203 250 4248 ructu
259 4204 299 4246 ool.
310 4202 326 4246 l.
938 4195 977 4254 20
