2760 4874
233 460 239 470 ‚
386 397 591 456 nuumrun
610 398 682 453 ms.
697 398 779 454 xrn.
797 398 915 454 21-25.
1099 387 1161 452 237

139 490 297 542 omnm

137 560 208 622 nico
226 558 362 642 potiente
380 579 483 621 rerum
501 557 660 641 poteram?
678 578 714 620 ac
733 556 759 620 si
772 555 905 620 Plautus
924 565 977 621 aut
995 556 1064 639 quis
1084 558 1163 621 alius

139 676 204 717 rem
226 649 384 736 publicam
401 651 593 714 iudicaturus
617 649 797 728 obtinuerit,
821 651 935 714 desunt
953 650 1070 715 sedicet
1087 651 1163 715 mihi

138 755 346 823 accusatores,
364 746 419 829 qui
437 769 499 810 non
517 745 614 809 verba
631 745 825 829 impatientia
842 745 978 810 caritatis
997 745 1164 827 aliqmsdo

138 843 271 918 incauta,
293 841 348 904 sed
366 862 403 903 ea
417 839 547 903 crimina
560 839 703 915 obiciant,
724 839 837 922 quibus
851 839 912 904 nisi
930 863 949 903 a
966 839 1030 902 filio
1043 836 1164 903 absolsi

139 958 202 1000 non
218 935 368 1019 possim.“
392 933 554 997 commotis
573 933 627 1016 qui
645 933 773 996 aderant
791 934 933 1015 ultroque
952 933 1078 1018 spiritus
1097 933 1164 996 eius

139 1026 369 1114 mitigantibus,
389 1027 578 1109 colloquium
595 1026 651 1089 filii
669 1026 818 1110 exposcit,
837 1025 892 1090 ubi
908 1027 985 1090 nihil
1003 1049 1060 1111 pro
1076 1026 1165 1090 inno-

139 1121 253 1197 centia,
273 1121 364 1203 quasi
382 1119 550 1196 diffideret,
569 1141 627 1184 nce
646 1123 681 1184 de
698 1118 871 1196 beneficiis,
890 1119 981 1203 quasi
999 1118 1166 1204 exprobra-

138 1224 194 1291 ret,
214 1215 368 1292 disseruit,
390 1214 445 1280 sed
463 1213 612 1277 ultionem
630 1213 662 1277 in
680 1213 833 1280 delatores
852 1223 883 1278 et
899 1215 1038 1298 praemia
1055 1213 1163 1277 amicis

139 1307 286 1372 obtinuit:
304 1308 500 1392 praefectura
518 1329 659 1372 annonae
672 1308 793 1371 Faenio
806 1307 902 1384 Rufo,
922 1330 996 1372 cura
1009 1308 1163 1381 ludorum,
1183 1324 1214 1369 22

139 1403 230 1484 quia
249 1401 386 1466 Caesare
403 1400 602 1488 parabantur,
621 1401 772 1466 Arruntio
792 1399 918 1478 Stellae,
937 1402 1106 1487 Aegyptus
1125 1400 1163 1465 b.

139 1494 274 1559 Balbillo
292 1496 526 1581 permittuntur3
548 1493 641 1580 Syria
657 1494 695 1559 P.
713 1494 831 1559 Anteio
849 1495 1017 1573 destinata,
1037 1495 1093 1560 sed
1110 1518 1165 1558 va·

138 1588 192 1653 riis
214 1611 288 1652 mox
311 1589 429 1653 artibus
453 1588 573 1664 elusus,
597 1589 637 1652 ad
658 1597 851 1673 postremum
873 1589 906 1653 in
927 1588 1005 1653 urbe
1026 1598 1164 1652 retentus

138 1691 200 1746 est:
219 1692 251 1746 at
265 1679 374 1747 Silana
391 1683 424 1745 in
442 1683 569 1745 exilium
583 1691 664 1760 acta3
685 1682 843 1747 Calvisius
861 1705 985 1766 quoquc
1004 1693 1035 1747 ct
1047 1683 1164 1748 Iturius

136 1776 328 1861 relegantur3
343 1778 382 1840 de
391 1775 531 1842 Atimeto
542 1777 728 1861 supplicium
738 1787 908 1862 sumptum,
922 1778 1072 1842 validiore
1080 1778 1165 1862 apud

137 1869 281 1936 libidines
295 1871 444 1956 principis
458 1870 573 1935 Paride
587 1893 681 1954 quam
699 1879 734 1935 ut
746 1895 847 1957 poena
861 1868 1050 1950 afficeretu'r3
1067 1868 1165 1937 Plau-

138 1975 189 2029 tus
207 1965 413 2051 adpraesens
433 1964 555 2030 silentio
574 1965 775 2030 transmissus
795 1976 851 2030 cst.

201 2056 398 2123 Deferuntur
423 2059 536 2123 dehinc
559 2059 756 2125 consensisse
778 2059 884 2124 Pallas
907 2082 945 2124 ae
966 2061 1101 2135 Burrus,
1129 2071 1164 2124 ut
1183 2081 1214 2128 23

138 2152 304 2218 Cornelius
329 2151 418 2218 Sulla
440 2151 623 2217 claritudine
645 2153 768 2239 generis
792 2162 824 2217 et
845 2155 1004 2217 adfinitate
1028 2152 1162 2231 Claudii,

123 2247 189 2311 »cui
206 2270 262 2333 per
282 2247 407 2333 nuptias
426 2246 584 2312 Antoniae
607 2256 799 2332 generarat,
824 2247 865 2311 ad
886 2247 1053 2331 imperium
1070 2269 1165 2312 vocae

136 2349 235 2405 retur:
255 2341 321 2405 eins
336 2342 542 2405 accusationis
557 2352 665 2406 auctor
678 2341 778 2405 extitit
786 2341 905 2405 Paetus
919 2341 1057 2424 quidam,
1077 2363 1165 2405 exer-

138 2435 245 2500 cendis
263 2436 347 2519 apud
369 2437 523 2499 aerarium
542 2435 733 2500 sectionibus
751 2435 892 2499 famosus
912 2445 943 2499 et
960 2435 1165 2499 tum'vanita-

138 2529 178 2592 tis
201 2529 396 2592 manifestus.
424 2551 481 2592 nec
504 2539 568 2593 tam
590 2539 680 2614 grata
696 2529 849 2593 Pallantis
870 2529 1046 2592 innocentia
1069 2549 1164 2610 quam

138 2622 243 2708 gravis
263 2623 409 2706 superbia
426 2623 500 2687 fnit:
524 2623 639 2708 quippe
657 2624 824 2688 nominatis
841 2622 960 2688 libertis
979 2622 1060 2700 eius,
1084 2643 1164 2704 quos

139 2716 280 2780 conscios
307 2715 449 2793 haberet,
476 2717 637 2802 respondit
662 2717 739 2780 nihil
764 2738 914 2799 umquam
941 2738 975 2780 se
998 2716 1083 2780 domi
1104 2716 1165 2780 nisi

138 2819 217 2872 nutu
234 2820 288 2874 aut
305 2833 399 2874 manu
419 2811 621 2896 significasse,
641 2811 692 2875 vel
710 2811 736 2875 si
753 2811 844 2896 plura
857 2810 1099 2874 demonstranda
1115 2832 1167 2874 es·
1232 2875 1235 2880 .

139 2912 222 2980 sent,
242 2904 356 2989 scripto
374 2927 480 2981 usum,
499 2927 539 2968 ne
558 2928 665 2970 vocem
684 2904 888 2982 consociaret3
906 2904 1037 2981 Burrus,
1056 2925 1166 2986 quam-

137 2997 187 3061 vis
204 3019 291 3074 reus,
316 2999 396 3062 inter
413 2999 531 3063 iudices
550 3001 737 3064 sententiam
755 2999 846 3075 dixit,
866 2999 1055 3080 exiliumque
1073 3020 1166 3062 accu-

139 3091 235 3154 satori
251 3091 442 3177 inrogatum,
466 3103 497 3157 et
519 3091 643 3156 tabulae
661 3102 800 3164 exustae,
813 3101 885 3156 sunt
906 3089 1020 3174 quibus
1042 3090 1166 3155 oblitte-

138 3192 206 3248 rata
224 3185 333 3249 aerarii
350 3187 476 3249 aomina
493 3185 680 3250 retrahebat.

202 3277 281 3343 Fine
299 3279 372 3343 anni
391 3280 483 3343 statio
502 3279 792 3344 cohortisadsidere
809 3279 892 3343 ludis
911 3279 1002 3343 solita
1019 3278 1165 3342 demove-
1183 3299 1216 3345 24

138 3381 203 3447 tur,
226 3393 289 3454 quo
307 3372 406 3435 maior
424 3373 545 3457 species
568 3372 718 3437 libertatis
737 3380 834 3448 esset,
858 3380 954 3454 utque
970 3371 1060 3435 miles
1078 3371 1166 3435 thea-

138 3464 209 3528 trali
226 3465 368 3529 licentiae
386 3488 449 3529 non
466 3465 637 3551 permixtus
652 3465 857 3549 incorruptior
874 3473 989 3550 ageret,
1009 3473 1040 3528 ct
1056 3463 1165 3549 plebes

138 3558 228 3621 daret
245 3559 504 3643 experimentum,
524 3583 564 3623 an
582 3559 693 3623 amotis
712 3558 895 3623 custodibus
913 3559 1099 3623 modestiam
1116 3579 1165 3621 re-

138 3653 259 3719 tineret.
282 3652 391 3717 urbem
408 3655 552 3739 princeps
571 3654 714 3719 lustravit
732 3677 771 3718 ex
788 3677 939 3740 responso
952 3654 1164 3739 haruspicum,

138 3746 223 3829 quod
240 3746 326 3813 Iovis
345 3769 382 3811 ac
399 3747 562 3812 Minervae
580 3748 674 3813 aedes
693 3749 732 3812 de
750 3748 836 3812 caelo
855 3757 955 3812 tactae
973 3768 1025 3811 era
1047 3756 1069 3810 t.

204 3839 244 3922 Q.
264 3840 414 3920 Vonusro,
433 3841 471 3906 P.
492 3839 632 3908 Scrrroxn
652 3841 832 3906 consulibus
850 3842 948 3906 otium
965 3841 1052 3925 foris,
1071 3840 1164 3906 foeda
1183 3859 1215 3908 ‘25

138 3933 224 3997 domi
241 3934 384 4013 lascivia,
406 3957 469 4018 qua
485 3935 569 3999 Nero
590 3936 701 3999 itinera
723 3935 809 3999 urbis
829 3944 860 3999 et
881 3935 1044 4020 lupanaria
1061 3943 1092 3998 et
1110 3934 1164 3998 dc-

137 4025 289 4092 verticula
310 4037 397 4092 veste
420 4029 524 4093 servili
545 4029 579 4092 in
600 4027 879 4093 dissimulationem
902 4029 950 4093 sui
972 4029 1163 4112 compositus

137 4119 330 4207 pererrabat,
353 4122 572 4188 comitantibus
591 4124 644 4207 qui
665 4133 809 4209 raperent
830 4123 999 4203 venditioni
1022 4123 1164 4209 exposita
