2760 4874
223 375 288 441 210
591 374 776 436 CORNELII
787 374 918 433 unum

1145 478 1168 508 ι.

218 546 279 632 git;
298 540 397 607 sconti
413 512 489 605 moia
505 536 649 612 clientes,
667 544 699 599 et
715 533 852 620 acceptis
869 533 954 621 agris
971 533 1006 599 in
1022 471 1252 604 Pannoniilii

219 639 281 705 cati
295 645 376 702 sunt.
399 656 531 722 rognum
544 631 670 717 Vangio
688 653 726 696 ao
740 628 819 697 Sido
831 631 912 696 inter
928 653 964 697 se
976 632 1148 718 partivere,
1167 658 1253 722 egre-

219 733 273 820 gia
290 732 440 796 adversus
458 751 516 792 nos
534 726 605 802 lide,
624 724 783 802 subiectis,
801 746 900 791 suone
916 748 958 790 an
975 727 1100 792 servitii
1115 727 1252 815 ingenio,

219 829 294 891 dum
308 825 552 909 adipiscerentur
565 819 798 898 dominationis,
819 820 919 886 multa
930 821 1072 900 caritate,
1091 832 1125 888 et
1137 824 1253 889 maiore

220 921 306 997 odio,
325 928 493 1004 postquam
511 913 616 999 adepti
634 923 717 978 sunt

169 1037 199 1084 ει
283 1013 330 1077 At
347 1012 380 1075 in
392 1008 555 1074 Britannia
567 1007 605 1071 P.
621 1004 785 1073 Ostorium
802 1016 1021 1093 propraetore
1039 1007 1188 1075 turbidae
1205 1032 1253 1075 res

219 1127 385 1192 excepere,
408 1103 517 1168 effusis
540 1102 573 1166 in
594 1124 705 1188 agrum
728 1101 883 1167 sociorum
903 1101 1050 1168 hostibus
1073 1125 1114 1168 eo
1136 1104 1253 1170 violen-

220 1202 296 1278 tius,
319 1199 405 1283 quod
422 1218 539 1262 novum
557 1195 669 1260 ducem
687 1194 826 1259 exercitu
842 1195 951 1281 ignoto
968 1204 1001 1260 et
1017 1206 1135 1282 coepta
1151 1196 1254 1262 hieme

219 1295 335 1359 iturum
353 1292 479 1358 obviam
496 1313 559 1354 non
576 1288 738 1354 rebantur:
756 1288 809 1354 ille
826 1311 943 1375 gnarus
955 1289 1067 1374 primis
1085 1291 1253 1356 eventibus

219 1399 337 1453 metum
356 1397 410 1450 aut
426 1385 572 1450 fiduciam
590 1383 693 1469 gigni,
716 1383 794 1447 citas
817 1382 960 1448 cohortes
977 1383 1076 1467 rapit,
1100 1394 1135 1449 et
1153 1385 1252 1450 caesis

220 1482 275 1566 qui
295 1479 488 1556 restiterant,
514 1476 661 1541 disiectos
684 1484 895 1552 consectatus,
921 1496 963 1541 ne
983 1498 1096 1542 rursus
1124 1477 1254 1564 conglo-
1347 1538 1351 1545 .

219 1576 367 1641 barentur
383 1573 567 1655 infensaque
585 1579 617 1635 et
633 1569 730 1635 infida
746 1593 809 1655 pax
827 1592 891 1635 non
908 1570 991 1648 duci,
1009 1593 1076 1636 non
1093 1572 1191 1637 militi
1206 1594 1254 1638 re-
1346 1606 1349 1623 =

219 1669 326 1753 quiem
338 1667 539 1752 permitteret,
558 1663 720 1728 detrahere
734 1686 821 1729 arma
836 1664 990 1748 suspectis
1008 1674 1191 1750 cunctaque
1204 1688 1253 1731 ca·

220 1761 292 1826 stris
306 1765 348 1825 ad
358 1760 515 1824 Arionem
529 1768 559 1823 ct
574 1756 741 1823 Sabrinam
753 1757 865 1822 fluvios
879 1756 1024 1822 cohibere
1041 1768 1147 1844 parat.
1169 1760 1253 1844 quod

219 1854 311 1941 primi
324 1853 410 1918 Iceni
424 1852 570 1929 abnuere,
589 1851 693 1916 valida
705 1873 795 1937 gens,
813 1872 871 1916 neo
882 1850 1009 1936 proeliis
1022 1853 1163 1930 contusi,
1181 1855 1253 1937 quia

221 1938 401 2013 societatem
423 1955 562 2010 nostram
586 1944 725 2009 volentes
748 1954 958 2029 accesserant3
979 1943 1094 2029 hisque
1117 1947 1253 2012 auctori·

219 2043 280 2108 bus
299 2041 513 2107 circumiectae
526 2039 668 2103 nationes
681 2038 785 2103 locum
802 2060 927 2125 pugnae
941 2038 1088 2124 delegere
1106 2051 1252 2126 saeptum

221 2136 337 2223 agresti
359 2156 474 2221 aggere
497 2143 527 2198 ct
550 2133 637 2196 aditu
659 2143 808 2218 angusto,
830 2155 871 2197 ne
887 2132 1014 2218 pervius
1037 2132 1140 2217 equiti
1162 2136 1251 2200 foret.

220 2254 259 2296 ca
276 2231 468 2295 munimenta
489 2229 554 2292 dux
571 2227 749 2304 Romanus,
771 2248 962 2311 quamquam
984 2227 1053 2292 sine
1074 2227 1193 2294 robore
1209 2229 1252 2293 le-

220 2325 349 2411 gionum
369 2321 498 2388 sociales
517 2321 623 2405 copias
637 2320 780 2398 ducebat,
799 2342 998 2406 perrumpere
1016 2322 1206 2407 aggreditur
1222 2333 1251 2387 et

221 2417 394 2483 distributis
421 2415 600 2481 cohortibus
623 2424 741 2479 turmas
767 2434 892 2498 quoqne
913 2414 1055 2498 peditum
1078 2415 1121 2479 ad
1144 2416 1252 2480 munia

220 2511 369 2596 accingit3
384 2521 457 2574 tunc
466 2510 539 2574 dato
554 2510 644 2594 signo
653 2508 850 2593 perfringunt
863 2529 1011 2593 aggerem
1024 2508 1159 2591 suisque
1169 2509 1252 2574 clau·
1352 2508 1355 2569 i

221 2606 292 2670 stris
310 2604 474 2688 impeditos
489 2602 623 2678 turbant,
642 2613 735 2684 atque
753 2602 798 2665 illi
816 2601 1006 2666 conscientia
1018 2601 1205 2668 rebellionis
1223 2613 1252 2667 et
1352 2612 1356 2643 ²

221 2698 361 2783 obseptis
380 2696 504 2781 effugiis
531 2695 629 2760 multa
641 2705 671 2760 ct
685 2695 769 2760 clara
781 2695 920 2760 facinora
931 2695 1044 2759 fecere.
1064 2717 1131 2779 qua
1143 2719 1252 2784 pugna

219 2791 301 2854 filius
319 2789 415 2874 legati
432 2790 479 2852 M.
500 2788 646 2854 Ostorius
666 2791 780 2854 servati
798 2791 875 2855 civis
893 2791 989 2855 decus
1008 2791 1134 2856 meruit.

169 2908 200 2955 82
285 2883 433 2947 Ceterum
451 2882 538 2946 clade
551 2883 716 2948 Icenorum
729 2885 894 2970 compositi
907 2885 966 2968 ,qui
983 2884 1104 2949 bellum
1120 2886 1207 2952 inter
1223 2896 1252 2951 et

220 3000 329 3066 pacem
351 2976 549 3053 dubitabant3
572 2988 603 3041 ct
621 2979 733 3043 ductus
755 2980 828 3044 inde
847 2978 976 3064 Cangos
998 2980 1175 3059 exercitus3
1199 3003 1252 3045 va-

220 3073 293 3139 stati
310 3072 391 3158 agri,
413 3071 547 3156 praedae
569 3073 687 3156 passim
710 3083 811 3149 actae,
834 3095 898 3137 non
919 3072 1004 3137 ausis
1027 3072 1130 3138 aciem
1154 3075 1252 3140 hosti·

218 3165 293 3245 bus,
316 3166 366 3231 vel
385 3165 412 3230 si
430 3188 470 3230 ex
487 3165 608 3230 occulto
632 3189 758 3252 carpere
781 3189 895 3252 agmen
917 3175 1115 3251 temptarent,
1139 3169 1250 3255 punito

219 3262 306 3339 dolo;
328 3262 453 3343 iamque
474 3269 603 3325 ventum
624 3260 709 3324 haud
730 3260 839 3345 procul
855 3259 935 3324 mari
955 3260 1041 3343 quod
1058 3260 1250 3326 Hiberniam

218 3357 353 3421 insulam
369 3365 518 3440 aspectat,
538 3378 610 3420 cum
624 3364 708 3419 ortae
722 3356 806 3440 apud
819 3355 987 3441 Brigantas
1005 3354 1187 3421 discordiae
1204 3379 1250 3421 re-

219 3462 340 3516 traxere
365 3451 490 3527 ducem,
519 3450 734 3515 destinationis
760 3459 894 3527 certum,
920 3472 960 3514 ne
981 3471 1064 3514 nova
1086 3451 1251 3517 moliretur
1351 3514 1354 3529 ,

219 3545 281 3610 nisi
302 3544 457 3630 prioribus
479 3544 619 3608 firmatis.
647 3553 678 3608 et
699 3543 868 3629 Brigantes
890 3543 1032 3627 quidem,
1059 3545 1175 3628 paucis
1197 3545 1248 3629 qui

220 3661 307 3703 arma
324 3636 511 3722 coeptabant
532 3637 716 3714 interfectis,
740 3637 773 3701 in
788 3638 925 3721 reliquos
943 3637 1016 3701 data
1033 3637 1143 3716 venia,
1167 3661 1249 3704 rese·
1298 3706 1301 3709 ,

219 3732 306 3797 dere:
327 3730 465 3797 Silurum
479 3754 557 3817 gens
572 3754 634 3795 non
652 3732 821 3809 atrocitate,
840 3754 903 3796 non
921 3731 1088 3796 elementia
1105 3734 1248 3798 mutaba-

219 3835 270 3891 tur
290 3827 366 3910 quin
388 3825 505 3891 bellum
522 3835 679 3890 exerceret
697 3827 869 3909 castrisque
891 3826 1052 3912 legionum
1073 3829 1247 3912 premenda

218 3921 313 3999 foret3
332 3922 440 4004 idque
453 3922 627 4006 promptius
641 3921 771 4000 veniret,
785 3922 907 3987 colonia
922 3920 1183 3988 Camulodunum
1197 3946 1247 3987 va·
1347 3934 1349 3939 '

218 4012 282 4076 lida
299 4023 515 4079 veteranorum
533 4038 628 4079 manu
642 4015 805 4079 deducitur
822 4015 855 4078 in
868 4037 960 4101 agros
975 4015 1130 4098 captivos,
1147 4016 1247 4082 subsi-

217 4105 303 4169 dium
317 4106 467 4172 adversus
481 4107 612 4174 rebelles
626 4117 657 4174 et
669 4108 835 4174 inbuendis
849 4108 941 4174 sociis
955 4109 996 4173 ad
1009 4109 1119 4175 officia
1131 4110 1245 4199 legum.
1346 4038 1351 4285 j
