2760 4874
235 394 295 459 18⁴2
581 399 765 458 coaunnn
778 397 908 459 mern
1017 468 1022 477 ,

1153 501 1174 531 ι.
1184 502 1205 531 a.
1215 493 1257 531 80⁰.

229 574 369 629 moneret
388 559 557 625 Claudium
579 580 689 623 carere
706 558 770 621 rim
788 566 882 641 atque
905 578 981 643 opes
999 557 1198 645 principibus
1216 560 1259 623 in·

228 658 349 721 sensas:
372 654 574 740 praecipuum
592 661 751 716 auctorem
768 650 947 716 Asiaticum
964 652 1175 717 interficiendi
1194 651 1258 739 [0.]
1335 656 1338 668 “
1369 657 1371 668 ’

230 751 391 827 Caesaris3
408 772 470 812 non
489 747 670 812 extimuisse
684 747 860 811 contionem
876 747 984 832 populi
997 746 1138 812 Romani
1144 773 1153 826 3
1171 748 1260 813 fateri

228 845 421 931 gloriamque
439 841 585 905 fbciuoris
609 840 689 905 ultro
711 849 833 925 petere;
856 840 975 905 clarum
992 862 1035 905 cx
1052 863 1092 906 eo
1110 842 1146 906 in
1168 842 1259 918 urbe3

228 940 326 1003 didita
338 961 394 1023 per
407 935 582 1022 provincias
596 935 682 999 fama
694 956 804 1020 parare
817 935 876 1000 iter
888 935 929 1000 ad
943 932 1156 1001 Germanicos
1175 959 1261 1002 exer-

228 1034 323 1109 citus,
347 1031 473 1115 quando
495 1029 620 1115 genitus
643 1028 785 1093 Viennae
806 1029 1029 1113 multisqueet
1051 1030 1168 1096 validis
1190 1053 1260 1116 pro·

227 1125 453 1211 pinquitatibus
469 1123 622 1189 subnixus
637 1121 761 1187 turbare
774 1122 907 1209 gentiles
920 1123 1064 1188 nationes
1078 1133 1260 1209 promptum

227 1220 364 1284 baberet.
389 1230 420 1283 at
439 1217 591 1283 Claudius
608 1215 686 1280 nibil
703 1216 784 1281 ultra
801 1227 956 1281 scrutatus
974 1217 1044 1282 citis
1063 1239 1140 1281 cum
1158 1217 1261 1281 militi-

228 1313 288 1378 bus
306 1324 466 1395 tamquam
480 1310 685 1396 opprimendo
702 1309 784 1375 bello
797 1309 990 1395 Crispinum,
1008 1311 1161 1395 praetorii
1173 1333 1261 1396 prae-

228 1406 359 1483 fectum,
382 1406 481 1483 misit;
504 1428 524 1469 a
545 1426 608 1488 quo
629 1414 770 1490 repertus
793 1413 841 1469 est
863 1404 947 1490 apud
963 1403 1062 1469 Baias
1083 1404 1260 1488 vinclisque

195 1522 209 1568 2
229 1501 334 1565 inditis
352 1501 385 1564 in
405 1499 515 1565 urbem
537 1507 656 1584 raptus.
682 1520 784 1581 neque
806 1498 881 1563 data
898 1507 1025 1564 senatus
1049 1498 1158 1583 copia:
1182 1497 1261 1562 intra

228 1593 406 1659 cubiculum
426 1592 564 1670 auditur,
587 1592 762 1657 Messalina
783 1614 887 1657 coram
905 1602 937 1657 et
955 1590 1070 1658 Suillio
1087 1593 1261 1678 corruptio·

227 1706 300 1751 nem
322 1686 470 1764 militurn,
493 1709 572 1769 quos
595 1688 728 1772 pecunia
749 1695 781 1750 et
802 1695 909 1772 stupro
931 1686 965 1749 ln
987 1702 1080 1750 omne
1104 1686 1259 1773 flagitium

228 1780 393 1845 obstrictos
420 1780 585 1866 arguebat,
617 1780 689 1845 exin
715 1780 907 1844 adulterium
927 1780 1113 1866 Poppaeae,
1141 1789 1260 1865 postre-

228 1897 315 1938 mum
332 1873 493 1938 mollitiam
512 1874 650 1959 corporis
664 1873 848 1939 obiectante.
870 1874 911 1939 ad
928 1874 1013 1957 quod
1031 1872 1120 1939 victo
1137 1873 1259 1943 silentio

228 1968 368 2053 prorupit
384 1990 457 2032 reus
475 1981 506 2032 et
526 1966 730 2053 „interroga,“
749 1968 850 2050 inquit
869 1965 991 2045 „Suilli
1009 1966 1092 2032 filios
1108 1976 1197 2032 tuos:
1208 1967 1259 2037 ,νὶ-

228 2086 298 2126 rum
312 2084 381 2126 esse
396 2083 449 2125 mc
460 2060 671 2125 fatebuntur.“
695 2062 919 2146 ingressusque
931 2060 1162 2138 defensionem,
1176 2074 1259 2133 eom-

229 2166 313 2220 moto
331 2154 481 2219 maiorem
499 2155 532 2218 in
549 2155 678 2218 modum
697 2154 841 2233 Claudio,
859 2154 1052 2223 Messalinae
1069 2176 1199 2239 quoque
1216 2154 1259 2218 la·

229 2251 342 2315 crinras
356 2250 479 2314 excivit.
503 2249 616 2332 quibus
630 2248 793 2314 abluendis
808 2249 951 2314 eubiculo
969 2248 1136 2337 egrediens
1154 2240 1259 2313 monet

229 2343 405 2420 Vitellium,
428 2365 467 2407 ne
486 2342 567 2407 elabi
585 2365 673 2408 reum
689 2343 819 2408 sineret:
840 2344 911 2430 ipsa
928 2343 968 2407 ad
984 2342 1159 2428 perniciem
1175 2343 1258 2427 Pop

229 2459 327 2522 paeae
352 2437 494 2514 festinat,
522 2435 655 2500 subditis
678 2437 732 2520 qui
754 2446 869 2501 terrore
896 2437 1028 2502 carceris
1051 2436 1094 2501 ad
1115 2436 1258 2503 volunta·

229 2532 307 2596 riam
326 2541 457 2595 mortem
474 2530 690 2616 propellerent,
710 2531 789 2595 adeo
806 2531 915 2617 ignaro
930 2530 1068 2597 Caesare
1085 2539 1256 2616 ut-paucos

229 2636 301 2709 post
318 2620 384 2689 dies
404 2624 581 2709 epulantem
599 2625 683 2708 apud
702 2647 735 2688 se
749 2625 895 2688 maritum
909 2625 975 2689 eius
991 2616 1176 2711 Scipionem
1190 2642 1257 2710 per·

230 2728 415 2794 contaretur,
435 2740 490 2782 cur
504 2718 570 2782 sine
583 2741 680 2783 uxore
695 2718 915 2797 discubuisset,
934 2728 1026 2802 atque
1044 2718 1256 2792 illefunetam

230 2813 296 2876 fato
314 2813 524 2896 responderet.
582 2820 585 2824 ’
1116 2880 1119 2885 ,

197 2930 211 2976 3
296 2903 361 2970 Sed
379 2906 567 2970 consultanti
586 2931 679 2993 super
696 2907 890 2973 absolutione
908 2908 1041 2974 Asiatici
1058 2908 1141 2974 flens
1159 2908 1257 2974 Vitel-
1358 2914 1361 2931 '

229 3000 289 3064 lius
317 3010 558 3066 commemorata
582 3012 737 3067 vetustate
769 3003 922 3067 amicitiae
949 3011 1045 3086 utque
1072 3001 1255 3078 Antoniam,
1359 3076 1362 3085 ¹

229 3094 377 3180 principis
399 3104 544 3172 matrem,
570 3097 686 3180 pariter
707 3095 973 3174 observavisscnt,
1000 3086 1073 3160 dein
1099 3098 1255 3182 percursis

229 3189 363 3254 Asiatici
380 3189 413 3253 in
430 3212 496 3253 rem
513 3189 671 3274 publicam
689 3191 802 3256 officiis
820 3188 997 3275 recentique
1015 3191 1171 3256 adversus
1188 3192 1257 3256 Bri·

230 3284 366 3348 tanniam
389 3284 512 3360 militia,
540 3305 682 3367 quaeque
704 3284 765 3349 alia
792 3286 1002 3353 conciliandae
1024 3283 1257 3351 misericordiae

230 3377 430 3453 ridebantur,
457 3377 590 3441 liberum
611 3378 719 3442 mortis
742 3377 904 3442 arbitrium
925 3379 954 3443 ei
975 3376 1133 3464 permisit;
1160 3389 1193 3444 et
1210 3402 1257 3444 se-

231 3481 302 3535 cuta
320 3481 393 3534 sunt
412 3470 537 3536 Claudii
555 3470 651 3536 verba
668 3472 700 3535 in
723 3473 855 3536 eandem
871 3472 1078 3537 clementiam.
1107 3473 1258 3538 hortanti·

229 3565 288 3629 bus
307 3566 419 3629 dehinc
437 3565 624 3648 quibusdam
638 3566 772 3630 inediam
790 3576 821 3629 et
838 3566 941 3630 leuem
954 3566 1081 3643 exitum,
1100 3567 1257 3631 remittere

230 3658 416 3723 beneficium
438 3658 599 3723 Asiaticus
623 3660 679 3736 ait,
708 3669 739 3723 et
760 3661 918 3760 usurpatis
941 3659 1054 3744 quibus
1076 3660 1258 3726 insueverat

230 3745 516 3821 exercitationibus,
543 3745 628 3809 lauto
651 3767 792 3829 corpore,
820 3747 917 3810 inlare
940 3745 1099 3830 epulatus,
1127 3758 1257 3811 eum'sc

229 3838 390 3903 honestius
413 3839 579 3903 calliditate
598 3839 717 3903 Tiberii
738 3839 788 3904 vel
809 3841 929 3925 impetu
946 3839 985 3904 C.
1005 3838 1155 3904 Caesaris
1178 3841 1258 3926 peri·

230 3941 334 3995 turum
359 3934 491 3998 dixisset
517 3955 611 4016 quam
637 3935 721 4017 quod
747 3935 857 3998 fraude
883 3933 1026 3998 muliebri
1053 3944 1084 3998 et
1109 3935 1257 4020 inpudico

230 4024 348 4111 Vitellii
366 4049 418 4091 ore
436 4029 574 4104 caderet,
593 4051 689 4093 venas
708 4029 855 4105 exsolvit,
878 4031 947 4095 viso
965 4039 1070 4093 tamen
1088 4038 1167 4096 ante*
1180 4052 1256 4115 rogo

229 4118 377 4202 iussoque
404 4121 563 4186 transferri
588 4133 708 4206 partem
734 4124 767 4188 in
792 4125 899 4202 aliam,
931 4147 971 4189 ne
997 4122 1137 4208 opacitas
1166 4125 1258 4190 arbo-
