2760 4874
733 206 762 259 -,.

210 378 274 443 24ss
557 380 742 439 ceRxELn
755 376 892 435 ‘lucrm

1143 479 1195 508 tau.
1206 471 1246 509 811.

272 544 327 611 Ob
344 545 422 607 haec
440 538 654 605 consalutatus
671 538 841 623 imperator
856 536 954 614 Nero,
972 546 1008 601 et
1026 547 1161 602 senatus
1180 559 1247 602 con·
1351 600 1357 611 ,

208 642 290 707 sulto
313 634 555 723 supplicationes
577 632 717 710 habitae,
741 641 928 715 statuaeque
951 639 984 695 et
1007 653 1106 697 arcus
1129 641 1163 695 et
1179 654 1247 696 con·
1354 686 1357 693 .

207 734 287 801 linui
301 731 483 797 consulatus
495 727 638 814 principi,
658 736 755 809 utque
771 724 853 790 inter
869 725 972 791 festos
990 725 1168 791 referretur
1185 725 1245 790 dies

206 850 271 915 quo
288 839 409 913 pennata
427 823 569 901 victoria,
589 844 652 906 quo
675 820 825 898 nuntiata,
843 841 908 905 quo
926 819 1068 885 relatum
1086 821 1129 885 de
1147 843 1186 885 ea
1202 843 1246 885 es-
1356 896 1359 909 Ι

207 935 265 1001 set,
283 922 406 1005 aliaque
423 919 456 983 in
474 918 606 983 eandem
623 916 757 981 formam
773 915 997 993 decernuntur,
1018 916 1104 981 adeo
1121 917 1245 980 modum
1347 932 1357 959 ··

207 1039 336 1103 egressa
357 1024 392 1077 ut
415 1011 453 1077 Ο.
469 1011 606 1077 Cassius
628 1010 669 1075 de
690 1009 802 1075 ceteris
823 1008 1000 1075 honoribus
1024 1010 1199 1086 adsensus,
1221 1009 1246 1074 si

206 1132 264 1197 pro
284 1108 475 1193 benignitate
498 1106 642 1169 fortunae
664 1104 714 1169 dis
735 1113 840 1191 grates
867 1113 1057 1189 agerentur,
1083 1126 1128 1169 ne
1151 1113 1244 1169 totum
1323 1180 1332 1193 .
1362 1182 1366 1194 ἱ

207 1204 333 1288 quidem
356 1223 473 1265 annum
495 1197 775 1284 supplicationibus
797 1196 945 1264 sufficere
967 1198 1175 1277 disseruerit,
1197 1221 1245 1263 eo-

206 1320 267 1381 que
286 1306 427 1381 oportere
449 1293 548 1357 dividi
566 1316 672 1358 sacros
689 1302 721 1357 ct
738 1291 919 1378 negotiosos
937 1291 1025 1370 dies,
1051 1292 1126 1378 quis
1144 1292 1244 1357 divina

206 1389 343 1455 colerent
360 1399 392 1453 et
408 1388 546 1451 linnrana
563 1408 627 1450 non
643 1385 838 1471 impedirent.

156 1506 188 1553 se
271 1482 375 1547 l'uriis
393 1481 505 1545 deinde
523 1479 650 1545 casibus
667 1480 801 1545 iactatus
818 1488 850 1544 ct
866 1478 1044 1545 multorum
1062 1480 1140 1545 odia
1157 1480 1243 1545 meri·

208 1592 258 1642 tus
280 1600 352 1641 reus
375 1574 459 1639 haud
482 1586 587 1639 tamen
609 1575 677 1639 sine
698 1573 817 1639 invidia
839 1571 981 1639 Senecae
1004 1574 1194 1654 damnatum
1219 1574 1242 1639 is

207 1672 267 1735 lirit
285 1669 416 1734 Publius
437 1670 578 1745 Suillius,
596 1669 793 1754 imperitante
812 1666 947 1733 Claudio
966 1667 1122 1735 terribilis
1141 1691 1179 1735 ac
1196 1690 1243 1733 ve-

207 1763 300 1838 nalis,
325 1772 356 1825 et
373 1763 545 1827 mutatione
563 1773 739 1849 temporum
756 1786 821 1828 non
837 1770 991 1846 quantum
1009 1761 1137 1827 inimici
1154 1784 1243 1848 cupe-
1348 1758 1351 1771 '

207 1866 273 1921 rent
292 1855 459 1931 demissus,
479 1856 594 1939 (piique
612 1878 647 1921 se
665 1866 829 1921 nocentem
842 1854 941 1921 videri
954 1877 1055 1939 quam
1069 1856 1242 1942 supplicem

207 1950 326 2027 mallet;
345 1950 412 2014 eius
431 1950 627 2035 opprimendi
643 1949 745 2037 gratia
760 1950 928 2036 repetitum
945 1949 1140 2017 credebatur
1158 1972 1242 2015 sena-

207 2062 258 2109 tus
281 2046 458 2109 consultum
481 2066 644 2128 poenaque
667 2042 796 2109 Cinciae
817 2043 898 2130 legis
920 2044 1095 2109 adversum
1119 2043 1242 2127 eosqui

207 2139 306 2224 pretio
329 2161 441 2203 causas
464 2138 647 2203 oravissent.
678 2160 737 2202 neo
760 2135 891 2203 Suillius
913 2148 1039 2222 questu·
1053 2147 1111 2202 aut
1134 2160 1241 2224 expre-

208 2231 347 2296 bratione
373 2229 564 2309 abstinebat,
591 2240 715 2317 praeter
735 2230 884 2297 ferociam
905 2230 1004 2297 animi
1026 2240 1176 2296 extrema
1196 2253 1240 2296 se-

207 2334 298 2389 necta
310 2325 389 2390 liber
406 2334 437 2388 et
451 2326 606 2389 Senecam
621 2325 784 2410 increpans
798 2324 957 2389 infensum
976 2324 1091 2389 amieis
1106 2323 1239 2402 Claudii,

208 2416 267 2482 sub
281 2441 343 2501 quo
357 2418 564 2482 iustissimum
578 2418 706 2482 exilium
714 2418 908 2504 pertulisses
922 2418 1017 2483 simul
1031 2419 1150 2484 studiis
1163 2418 1240 2483 iner-

207 2510 290 2576 tibus
309 2522 340 2575 ct
357 2512 507 2576 iuvenum
524 2512 685 2597 inperitiae
704 2522 828 2577 suetum
850 2512 945 2576 livere
962 2512 1002 2576 iis
1025 2513 1085 2596 qui
1102 2513 1239 2577 viridam

207 2614 239 2669 et
255 2605 466 2690 incorruptam
480 2606 689 2688 eloquentiam
707 2606 830 2671 tuendis
848 2605 969 2670 civibus
988 2616 1191 2684 exercerent3
1208 2628 1239 2671 se

207 2709 404 2781 quaestorem
420 2697 609 2776 Germanici,
624 2700 712 2764 illum
725 2699 837 2765 domus
851 2700 917 2764 eius
931 2700 1113 2765 adtdterum
1127 2701 1238 2766 fuisse:

207 2815 247 2856 an
269 2794 397 2878 gravius
421 2793 650 2858 aestimandum
673 2803 784 2879 sponte
805 2792 969 2880 litigatoris
987 2795 1170 2879 praemium
1187 2794 1239 2859 ho-

206 2897 313 2950 nestae
332 2910 445 2972 operae
463 2889 603 2971 assequi,
627 2910 721 2972 quam
739 2910 936 2974 corrumpere
958 2888 1109 2954 cubicula
1125 2889 1239 2975 prinei·
1345 2920 1351 2935 ·

205 3004 281 3066 pum
292 2983 497 3047 seminarum?
510 3005 573 3066 qua
583 2984 744 3068 sapientia,
755 2983 869 3068 quibus
878 2983 1143 3069 philosophorum
1152 3007 1238 3070 prae-

206 3077 304 3160 ceptis
327 3078 407 3142 intra
429 3079 668 3161 quadriennium
689 3079 794 3164 regiae
815 3078 969 3146 amicitiae
992 3088 1039 3142 ter
1062 3079 1170 3145 milies
1192 3102 1238 3144 se-

206 3171 347 3234 stertium
377 3173 570 3256 paravisset?
603 3173 724 3238 Romae
755 3182 941 3238 testamenta
966 3182 998 3236 et
1023 3172 1121 3239 orbos
1154 3173 1237 3237 velut

206 3264 352 3350 indagine
375 3267 441 3331 cius
464 3268 547 3352 capi,
571 3267 696 3332 Italiam
714 3278 745 3332 et
765 3268 941 3353 provincias
963 3267 1112 3333 inmenso
1130 3267 1236 3333 fenore

205 3357 335 3422 hauriri:
363 3369 394 3423 at
422 3361 482 3426 sibi
502 3360 609 3425 labore
636 3361 811 3444 quaesitam
833 3370 865 3425 et
885 3361 1041 3425 modicam
1068 3362 1236 3446 pecuniam

205 3473 274 3516 esse
280 3478 289 3531 ;
313 3454 442 3531 crimen,
461 3456 647 3539 periculum,
671 3455 776 3520 omnia
793 3456 897 3540 potius
914 3454 1124 3519 toleraturum
1141 3479 1235 3539 quam

205 3555 343 3611 veterem
356 3570 392 3612 ac
406 3549 490 3613 domi
503 3559 625 3634 partam
638 3550 850 3636 dignationem
868 3548 989 3614 subitae
1002 3548 1150 3615 felicitati
1164 3549 1235 3615 sub-

207 3640 350 3706 mitteret.

154 3753 186 3800 43
268 3735 335 3799 Nec
353 3737 480 3799 deerant
502 3737 556 3819 qui
573 3737 651 3802 haec
672 3738 773 3803 isdem
790 3737 894 3803 verbis
912 3745 967 3801 aut
987 3759 1082 3802 versa
1099 3737 1135 3803 in
1152 3739 1234 3802 dete-

203 3828 268 3892 rius
284 3827 424 3894 Senecae
437 3830 607 3909 deferrent3
625 3833 801 3917 repertique
814 3839 1011 3897 accusatores
1025 3831 1169 3918 direptos
1186 3855 1233 3899 so-

204 3921 284 3998 cios,
303 3945 375 3986 eum
394 3921 524 3988 Suillius
542 3926 734 4009 provinciam
752 3925 864 3992 Asiam
882 3934 1012 4011 regeret,
1033 3948 1071 3991 ac
1088 3926 1232 4011 publicae

203 4016 353 4097 pecuniae
366 4017 545 4100 peculatum
557 4020 741 4086 detulerant.
760 4044 834 4086 mox
848 4021 921 4104 quia
933 4019 1172 4102 inquisitionem
1180 4044 1232 4085 an·

203 4129 298 4170 naam
311 4108 560 4192 impetraverant,
579 4112 705 4179 brevius
719 4115 823 4179 visum
841 4114 961 4185 urbana
978 4111 1111 4181 crimina
1127 4115 1230 4201 incipi,
