2760 4874
424 369 631 427 ΑιιιΛιιιιιι
650 370 723 424 Lm.
738 368 789 424 111.
808 372 894 425 2-6.
1126 359 1167 423 83

141 477 163 515 p.
175 463 217 504 ca.
228 465 263 503 ro.

207 530 291 596 Dies
302 550 371 612 quo
388 527 538 610 reliquiae
553 527 672 590 tumulo
685 526 823 612 Augusti
838 527 1058 605 inserebantur,
1077 530 1170 594 modo
1189 550 1202 594 ι

141 648 200 712 per
218 624 376 690 silentium
388 632 507 711 vastus,
526 622 619 684 modo
632 621 802 705 ploratibus
821 621 956 703 inquics3
974 623 1067 707 plena
1084 623 1169 688 urbis

142 721 269 795 itinera,
294 716 492 781 conlucentes
510 737 567 800 per
584 737 728 800 campum
746 715 859 779 Martis
877 716 977 793 faces;
1000 716 1063 780 illic
1081 718 1169 782 miles

142 835 217 877 eum
236 811 346 887 armis,
371 810 438 874 sine
455 808 632 893 insignibus
655 810 869 893 magistratus,
892 811 1027 894 populus
1044 833 1101 895 per
1118 811 1171 874 tri·

143 907 203 971 bus
222 904 398 970 concidisse
414 925 481 967 rem
497 903 664 987 publicam,
682 903 759 967 nihil
777 905 844 989 spei
862 904 1015 986 reliquum
1033 905 1171 967 elamita-

143 1001 234 1078 bant,
258 998 433 1084 promptius
456 998 654 1082 apertiusque
677 1006 771 1080 quam
789 1008 824 1060 ut
845 998 1025 1062 meminisse
1046 998 1171 1083 imperi-

144 1094 279 1158 tantium
301 1092 453 1156 crederes,
480 1090 556 1154 nihil
569 1101 678 1153 tamen
696 1091 856 1154 Tiberium
879 1092 980 1177 magis
998 1092 1171 1177 penetrarit

143 1209 241 1270 quam
259 1186 362 1249 studia
379 1184 539 1249 hominum
553 1206 685 1248 accensa
703 1185 735 1247 in
747 1183 966 1269 Agrippinam,
985 1208 1056 1249 eum
1074 1186 1169 1249 decus

143 1280 278 1364 patriae,
306 1279 408 1343 solum
432 1276 573 1363 Augusti
600 1278 798 1362 sanguinem,
825 1279 951 1342 unicum
978 1278 1170 1360 antiquitatis

145 1373 305 1456 specimen
318 1371 509 1457 appellarent
522 1371 666 1452 versique
680 1372 719 1434 ad
734 1371 856 1435 caelum·
872 1394 910 1435 ac
926 1373 1002 1436 deos
1016 1372 1170 1457 integram

145 1465 190 1529 illi
208 1464 351 1530 subolem
368 1487 406 1528 ac
424 1463 622 1549 superstitem
638 1463 814 1546 iniquorum
831 1475 1040 1550 precarentur.

208 1558 312 1623 Fuere
330 1559 384 1640 qui
402 1557 519 1643 publici
536 1557 653 1620 funeris
672 1580 819 1643 pompam
837 1560 1026 1641 requirerent
1044 1581 1170 1644 compa-
1189 1581 1204 1625 5

145 1648 313 1733 rarentque
330 1669 410 1733 quae
428 1651 461 1714 in
478 1650 634 1726 Drusum,
653 1661 773 1734 petrem
793 1650 985 1729 Germanici,
1004 1653 1123 1716 honora
1140 1662 1171 1716 et

146 1744 315 1830 magnifica
344 1742 511 1829 Augustus
541 1743 682 1807 fecisset:
719 1745 823 1829 ipsum
853 1746 969 1831 quippe
1000 1747 1170 1830 asperrimo

145 1838 259 1902 hiemis
277 1836 422 1901 Ticinum
444 1858 544 1920 usque
567 1859 768 1922 progressum
790 1860 891 1922 neque
914 1839 1133 1904 abscedentem
1151 1862 1171 1902 a

146 1953 301 2016 corpore
298 1930 391 1995 simul
412 1930 521 1999 urbem
544 1927 734 2007 intravisse3
746 1932 950 1996 circumfusas
973 1933 1053 1997 lecto
1072 1932 1169 1996 Clau-

146 2025 269 2088 diorum
281 2023 518 2107 Iuliommque
510 2024 676 2109 1magines3
695 2025 840 2089 delictum
858 2027 890 2089 in
908 2026 986 2103 soro,
1006 2026 1168 2090 laudatum

146 2140 203 2202 pro
225 2117 349 2194 rostris3
372 2127 484 2181 cuncta
506 2141 525 2181 a
546 2117 715 2182 maioribus
737 2131 859 2203 reperta
876 2129 930 2183 aut
951 2142 1031 2202 quae
1052 2119 1170 2203 posteri

147 2211 336 2287 invenerint,
359 2211 537 2282 cumulata:v
553 2221 584 2275 at
603 2209 789 2276 Germanico
812 2235 851 2276 ne
870 2214 977 2276 solitos
990 2213 1121 2295 'quidem
1140 2222 1170 2274 ct

147 2304 333 2388 cuicumque
350 2305 448 2369 nobili
465 2304 585 2369 debitos
603 2305 737 2371 honores
755 2306 933 2391 contigisse.
962 2327 1037 2369 sane
1055 2327 1168 2388 corpus

147 2397 187 2461 ob
210 2397 470 2483 longinquitatem
491 2398 635 2462 itinerum
658 2400 793 2463 externis
817 2398 905 2462 terris
928 2399 1169 2481 quoquomodo

147 2501 344 2568 crematuma
358 2492 414 2555 sed
432 2501 517 2556 tanto
534 2492 624 2577 plura
645 2493 758 2556 decora
780 2514 853 2555 mox
875 2491 967 2556 tribui
985 2515 1042 2576 par
1059 2492 1168 2566 fuisse,

146 2585 376 2668 quanto-prima
393 2584 458 2648 fors
472 2587 664 2670 negavisset:
684 2608 747 2649 non
764 2586 900 2660 fratrem,
919 2585 979 2648 nisi
998 2585 1089 2647 unius
1108 2584 1169 2647 dici

147 2678 208 2753 via,
227 2700 290 2742 non
306 2687 451 2762 patruum
470 2679 580 2741 saltem
597 2688 687 2763 porta
705 2689 795 2743 tenus
814 2678 955 2756 obvium3
974 2678 1028 2742 ubi
1045 2679 1099 2742 illa
1116 2701 1170 2742 rc-

147 2781 251 2856 terum
260 2763 411 2847 instituta,
429 2773 620 2855 propositam
635 2772 702 2836 toro
716 2773 863 2859 effigiem,
882 2771 1030 2838 meditata
1047 2773 1088 2837 ad
1106 2795 1169 2836 me-

146 2864 278 2928 moriam
301 2864 425 2928 uirtutis
452 2866 589 2929 carmina
611 2876 642 2928 et
663 2866 929 2943 laudationes,et
917 2867 1097 2931 tlacrimas
1121 2865 1170 2930 vel

146 2956 262 3021 doloris
284 2957 494 3022 imitamenta?
519 2981 650 3043 gnarum
672 2960 705 3022 id
727 2960 854 3024 Tiberio
879 2961 952 3038 fuit,
927 2969 1074 3042 tutque
1100 2981 1171 3044 pre·
1190 2980 1203 3025 6

147 3060 246 3137 meret
267 3050 354 3136 vulgi
380 3074 553 3128 sermones,
580 3054 700 3116 monuit
688 3056 826 3119 tedicto
853 3056 967 3119 multos
993 3054 1170 3121 inlustrium

146 3129 361 3209 Romanorum
383 3146 424 3211 ob
445 3170 512 3210 rem
533 3147 691 3231 publicam
712 3149 830 3225 obisse,
854 3149 1010 3212 neminem
1032 3159 1096 3211 tam
1114 3149 1169 3211 fla-

70 3238 251 3324 granti
268 3238 421 3304 desiderio
440 3238 637 3317 celebratum,
656 3241 750 3324 idque
769 3252 799 3305 et
818 3240 926 3305 sibiet
944 3242 1062 3304 cunctis
1082 3263 1170 3324 egre-

80 3333 249 3418 glum,
268 3355 295 3396 ει
285 3333 424 3397 modus
442 3335 577 3398 adiceret
565 3344 626 3412 t;ur
650 3358 713 3399 non
731 3337 813 3400 enim
831 3337 940 3399 eadem
957 3335 1070 3399 deeora
1086 3335 1171 3417 prin·

147 3425 321 3511 cipibus
292 3428 366 3492 vrris
384 3438 416 3492 et
432 3429 611 3513 imperatori
632 3429 776 3514 populo
771 3452 851 3512 quae
872 3424 1002 3494 modicis
1024 3427 1169 3491 domibus

147 3531 202 3584 aut
216 3521 402 3587 civitatibus.
421 3525 604 3588 convenisse
617 3525 732 3588 recenti
747 3525 843 3588 dolori
856 3524 974 3588 luctum
988 3533 1019 3586 et
1033 3544 1071 3584 ex
1085 3542 1170 3584 mae-

145 3637 217 3680 rore
230 3615 355 3693 solatia3
374 3618 430 3681 sed
442 3619 640 3682 referendum
653 3619 715 3681 iam
729 3619 865 3683 animum
879 3618 920 3680 ad
937 3615 1167 3689 firmitudinem,

146 3717 182 3771 ut
199 3711 356 3790 quondam
374 3711 464 3776 divus
482 3711 582 3775 Iulius
600 3712 716 3775 amissa
734 3711 825 3774 unica
842 3710 919 3784 filia,
939 3719 973 3771 ut
991 3708 1082 3772 divus
1100 3708 1169 3769 Au-

145 3810 259 3888 gustus
282 3804 397 3889 ereptis·
417 3804 582 3890 nepotibus
606 3805 811 3868 abstruserint
833 3803 985 3866 tristitiam
992 3826 1001 3879 ;
1024 3800 1068 3863 nil
1089 3823 1168 3884 opus

145 3896 368 3962 vetustioribus
387 3899 551 3983 exemplis:
570 3899 713 3981 quotiens
732 3897 865 3981 populus
884 3897 1045 3959 Romanus
1063 3893 1168 3958 clades
1209 3943 1213 3948 .

146 3990 352 4068 exercituum,
379 3992 537 4055 interitum
563 3993 692 4068 ducum,
724 3991 863 4053 funditus
891 3989 1022 4053 amissas
1047 3988 1168 4053 nobiles
1261 4036 1266 4046 ,

144 4078 281 4147 familias
300 4094 477 4150 constanter
494 4086 606 4150 tulerit.
629 4085 784 4170 principes
802 4084 961 4158 mortales,
980 4105 1043 4146 rem
1066 4082 1169 4167 publi«

955 4183 996 4248 6*
