2760 4874
421 363 626 422 ANNALIUM
642 260 717 420 ὦ
731 366 781 421 IV.
800 367 921 421 71-73.
1122 353 1183 416 149

160 471 179 509 p.
190 458 231 499 Ch.
242 459 275 497 18.

158 548 239 609 quac
265 524 409 587 florentes
432 522 592 606 privignos
607 516 686 585 'cum
707 522 942 606 peroccultum
968 522 1181 598 subvertisset,

158 617 404 684 misericordiam
422 639 497 700 erga
515 616 655 680 adflictos
673 616 777 700 palam
795 616 981 681 ostentabat.

221 711 346 776 Eodem
371 732 453 774 anno
478 709 586 785 Frisii,
619 709 860 775 transrhenanus
891 710 1040 795 populus,
1071 732 1182 796 pacem
1202 732 1233 780 vs

158 827 285 882 exuere,
308 813 416 868 nostra
432 803 532 888 magis
556 803 685 869 avaritia
706 825 801 886 quam
823 804 965 888 obsequii
986 805 1181 890 inpatientes.

158 899 308 965 tributum
323 898 364 963 iis
377 897 505 962 Drusus
518 897 652 961 iusserat
665 898 822 962 modicum
835 919 892 983 pro
906 900 1051 984 angustia
1068 921 1181 974 rerum,

158 993 248 1056 utin
268 1014 346 1056 usus
369 991 517 1055 militares
544 990 628 1054 coria
649 988 745 1055 boum
766 992 950 1075 penderent,
976 1014 1039 1056 non
1065 992 1184 1056 intenta

159 1073 343 1168 cuiusquam
364 1106 462 1162 cura,
486 1105 566 1166 quae
592 1082 763 1161 firmitudo,
790 1107 870 1168 quae
883 1101 1056 1162 mensura,
1083 1085 1206 1158 donec⁴

160 1177 315 1244 Olennius
334 1200 351 1242 e
368 1176 610 1262 primipilaribus
632 1177 777 1262 regendis
795 1177 904 1245 Frisiis
922 1178 1076 1263 inpositus
1095 1187 1184 1263 terga

159 1294 285 1336 urorum
303 1270 419 1356 delegit
441 1292 573 1354 quorum
595 1270 636 1334 ad
653 1269 786 1334 formam
809 1271 1035 1356 acciperentur3
1057 1272 1090 1336 id
1112 1272 1181 1336 aliis

158 1386 284 1450 quoque
300 1365 478 1429 nationibus
496 1364 642 1442 arduum,
661 1364 746 1449 apud
764 1361 939 1430 Germanos
958 1365 1124 1435 difficilius,
1135 1374 1183 1430 to-

158 1457 324 1536 lerabatur,
343 1458 413 1541 quis
430 1457 603 1543 ingentium
616 1456 779 1522 beluarum
796 1458 916 1529 feraces
933 1459 1042 1536 saltus,
1061 1459 1184 1530 modica

158 1552 243 1618 domi
268 1560 408 1617 armenta
434 1560 515 1616 sunt.
547 1572 584 1616 ac
605 1550 706 1636 primo
732 1550 829 1617 boves
851 1552 952 1637 ipsos,
979 1574 1054 1616 mox
1078 1573 1182 1637 agros,

157 1656 315 1731 postremo
337 1669 467 1731 corpora
488 1645 659 1730 coniugum
677 1654 731 1710 aut
747 1645 917 1712 liberorum
939 1647 1064 1712 servitio
1083 1645 1184 1710 trade-

158 1739 247 1817 bant3
269 1739 343 1803 hino
364 1739 411 1803 ira
433 1749 464 1804 et
485 1748 630 1823 questus,
653 1747 685 1803 et
705 1747 874 1823 postquam
891 1762 957 1807 non
978 1739 1184 1805 subvenieba-

158 1842 221 1910 tur,
243 1833 416 1897 remedium
434 1855 474 1896 ex
492 1832 592 1910 bello;
611 1833 692 1918 rapti
710 1833 764 1916 qui
787 1833 902 1899 tributo
919 1834 1053 1902 aderant,
1069 1834 1183 1898 milites

158 1934 190 1990 et
206 1925 345 2010 patibulo
363 1926 484 2004 adfiiri3.
501 1924 656 1991 Olennius
679 1926 819 1992 infensos
842 1926 919 2012 fuga
935 1927 1109 2012 praevenit,
1136 1949 1185 1991 re·

159 2028 268 2104 ceptus
295 2019 422 2085 castello
448 2020 499 2084 cui
525 2042 640 2084 nomen
665 2019 814 2098 Flevum3
841 2030 872 2085 et
897 2021 983 2085 haud
1009 2020 1185 2105 spernenda
1217 2091 1221 2099 ,

158 2114 222 2178 illic
239 2113 353 2178 civium
368 2115 588 2197 sociorumque
604 2137 716 2180 manus
734 2113 825 2179 litora
838 2112 960 2180 Oceani
976 2112 1183 2198 praesidebat.

223 2205 319 2289 Quod
336 2206 391 2272 ubi
407 2208 449 2271 L.
467 2205 620 2292 Apronio,
638 2207 793 2272 inferioris
813 2203 1001 2275 Germaniae
1018 2229 1075 2291 pro
1081 2229 1183 2290 prae·
1202 2227 1233 2273 13

150 2310 234 2378 tore,
252 2301 422 2386 cognitum,
441 2301 556 2366 vexilla
568 2301 728 2386 legionum
747 2322 764 2364 e
782 2299 940 2385 superiore
953 2300 1113 2384 provincia
1129 2322 1184 2384 pe-

157 2394 320 2477 ditumque
338 2403 369 2458 et
387 2395 527 2478 equitum
541 2394 740 2458 auxiliarium.
751 2394 888 2458 delectos
905 2384 1019 2458 accivit
1036 2415 1074 2456 ao
1091 2392 1185 2456 simul

157 2478 324 2571 utrumque
337 2489 509 2553 exercitum
521 2489 634 2554 Rheno
648 2489 813 2553 devectum
826 2487 936 2552 Frisiis
949 2487 1062 2564 intulit,
1082 2486 1184 2551 soluto

157 2581 220 2647 iam
238 2581 357 2646 castelli
371 2581 493 2647 obsidio
512 2591 543 2647 et
560 2583 601 2646 ad
619 2605 677 2647 sua
690 2581 819 2646 tutanda
832 2581 982 2666 digressis
999 2580 1182 2656 rebellibus3

157 2675 252 2762 igitur
268 2676 411 2760 proxima
424 2678 579 2741 aestuaria
592 2676 760 2763 aggeribus
779 2685 810 2741 et
826 2675 975 2764 pontibus
994 2667 1183 2739 traducendo

157 2769 293 2856 graviori
311 2769 429 2855 agmini
450 2770 568 2848 firmat,
590 2780 683 2854 atque
700 2771 824 2836 interim
844 2769 976 2855 repentis
995 2769 1082 2834 vadis
1101 2768 1184 2834 alam

159 2863 400 2936 Canninefatem
415 2873 445 2928 et
458 2864 543 2947 quod
559 2865 701 2949 peditum
715 2861 945 2929 Germanorum
962 2863 1042 2927 inter
1059 2871 1182 2927 nostros

157 2956 297 3021 merebat
322 2956 528 3042 circumgredi
554 2967 642 3044 terga
667 2959 805 3023 hostium
831 2957 930 3035 iubet3
957 2957 1012 3040 qui
1032 2957 1095 3021 iam
1117 2956 1184 3020 acie

157 3050 323 3135 compositi
334 3049 454 3134 pellunt
468 3057 586 3116 bumas
596 3052 732 3139 sociales
746 3052 929 3135 equitesque
942 3051 1101 3136 legionum
1111 3049 1185 3114 sub-

159 3144 238 3209 sidio
264 3143 388 3209 missos.
420 3154 487 3208 tum
509 3154 572 3210 tres
595 3145 685 3210 leves
712 3146 854 3211 cohortes
881 3167 918 3210 ac
942 3166 1067 3208 rursum
1093 3143 1183 3219 duae,

158 3237 231 3301 dein
247 3246 387 3322 tempore
408 3238 568 3303 interiecto
590 3239 709 3304 alarius
731 3260 827 3321 eques
849 3237 1013 3301 inmissus:
1037 3236 1112 3300 satis
1129 3258 1184 3299 va-

158 3330 226 3407 lidi,
254 3330 281 3395 si
303 3331 395 3395 simul
420 3331 650 3409 incubuissent,
676 3354 737 3417 per.
755 3331 953 3396 intervallum
979 3329 1183 3394 adventantes

158 3445 260 3506 neque
281 3425 487 3491 constantiam
509 3425 694 3490 addiderant
716 3423 848 3489 turbatis
871 3432 902 3487 11
923 3444 1039 3506 pavore
1061 3420 1185 3506 fugien-

159 3517 236 3580 tium
258 3517 487 3583 auferebantur.
520 3517 664 3604 Cethego
685 3517 844 3594 Labeoni,
867 3516 970 3602 legato
992 3515 1119 3599 quintae
1140 3513 1184 3576 le-

158 3610 274 3696 gionis,
294 3611 379 3694 quod
394 3612 549 3696 reliquum
567 3612 764 3689 auxiliorum,
783 3611 891 3689 tradit;
909 3620 1002 3692 atque
1020 3609 1071 3673 ille
1089 3607 1185 3671 dubia
1201 3669 1205 3677 .

159 3726 286 3770 suorum
304 3728 338 3769 re
356 3706 389 3769 in
406 3729 522 3792 anceps
540 3683 661 3771 fractus
679 3705 784 3770 missis
807 3705 924 3768 nuntiis
943 3703 1007 3767 vim
1024 3702 1184 3788 legionum

158 3797 347 3882 inplorabat:
369 3810 574 3886 prorumpunt
597 3799 738 3883 quintani
760 3807 831 3862 ante
853 3797 930 3862 alios
949 3806 980 3861 11
997 3796 1061 3860 acri
1077 3818 1184 3880 pugna
1285 3833 1292 3844 ·

158 3892 249 3958 hoste
270 3896 362 3980 pulso
384 3896 538 3981 recipiunt
560 3894 695 3961 cohortis
717 3893 846 3977 alasque
868 3892 969 3956 fessas
992 3889 1182 3954 vulneribus.

158 4009 260 4072 neque
278 3989 343 4052 dux
356 3989 518 4057 Romanus
531 3990 632 4054 ultum
644 3989 680 4053 iit
697 3997 751 4052 aut
764 4009 893 4072 corpora
905 3985 1056 4062 humavit,
1075 4006 1184 4069 quam-

159 4091 254 4164 quam
272 4082 363 4146 multi
380 4083 574 4150 tribunorum
595 4081 884 4168 praefectorumque
907 4088 938 4144 et
955 4079 1094 4165 insignes
1113 4099 1184 4143 cen-
