2760 4874
347 224 375 295 9

233 356 274 420 68
412 440 414 444 Ι
582 360 764 417 conumu
778 360 911 415 aloru

1145 463 1198 492 an.
1210 455 1256 497 ΠΙ,

233 522 427 598 Polemonis,
445 520 529 606 regis
546 517 683 593 Pontici,
701 516 813 594 filium,
833 518 916 601 quod
934 519 960 583 is
978 519 1078 604 prima
1096 518 1136 584 ab
1154 519 1256 584 infan—

233 619 276 683 tia
301 617 442 682 instituta
469 623 500 678 et
527 613 644 678 cultum
666 611 888 677 Armeniorum
914 613 1102 691 aemulatus,
1129 625 1256 692 venatu,

233 711 333 797 epulis
351 720 479 793 atquae
498 707 558 772 alia
574 705 699 772 barbari
716 705 888 783 celebrant,
907 729 1051 792 proceres
1068 707 1256 793 plebemque

232 807 319 870 iuxta
335 803 530 879 devinxerat3
549 800 643 886 igitur
661 797 866 865 Germanicus
885 801 918 863 in
935 800 1012 866 urbe
1029 800 1184 866 Artaxata
1201 804 1258 866 ad-

232 896 435 985 probantibus
453 894 624 971 nobilibus,
647 894 836 958 circumfusa
853 894 1050 968 multitudine
1067 895 1190 982 insigne
1208 919 1257 960 re-

231 994 319 1080 gium
341 989 435 1078 capiti
461 989 528 1054 eius
549 989 712 1074 imposuit3
738 989 832 1056 ceteri
857 1000 1041 1055 venerantes
1064 1012 1171 1076 regem
1193 990 1258 1054 Ar·-

232 1087 349 1151 taxiam
370 1083 618 1161 consalutavere,
640 1083 726 1166 quod
747 1083 792 1147 illi
813 1082 1001 1148 vocabulum
1022 1084 1198 1149 indiderant
1215 1106 1256 1149 ex

231 1180 356 1246 nomine
377 1177 473 1244 urbis.
500 1187 533 1242 at
555 1176 774 1264 Cappadoces,
797 1177 830 1242 in
851 1177 985 1242 formam
1007 1178 1185 1263 provinciae
1206 1200 1256 1243 re-

232 1275 327 1352 dacti,
347 1272 388 1356 Q.
406 1271 578 1338 Veranium
594 1273 733 1360 legatum
750 1293 911 1356 aecepere3
930 1281 962 1336 et
977 1273 1132 1355 quaedam
1149 1295 1190 1336 ex
1206 1295 1256 1336 re·

231 1368 291 1454 giis
317 1365 440 1432 tributis
466 1366 639 1444 deminuta,
666 1389 728 1450 quo
753 1366 859 1432 mitius
886 1366 1064 1432 Romanum
1090 1366 1256 1452 imperium

188 1450 190 1454 ’
233 1470 416 1547 speraretur.
436 1458 659 1546 Commagenis
670 1459 710 1543 Q.
722 1458 878 1526 Servaeus
888 1460 1097 1546 praeponitur,
1112 1470 1178 1525 tum
1192 1460 1256 1546 pri-

181 1577 212 1624 57
232 1577 318 1627 mum
335 1555 377 1618 ad
398 1553 448 1618 ius
471 1553 622 1638 praetoris
644 1554 801 1619 translatis
807 1579 816 1633 ;
839 1564 1012 1638 cunctaque
1036 1554 1163 1621 socialia
1183 1577 1256 1640 pro-

232 1670 321 1735 spere
347 1647 519 1732 composita
540 1670 604 1712 non
625 1647 696 1713 idco
717 1640 834 1713 laetum
857 1647 1079 1714 Germanicum
1096 1647 1256 1714 habebant

232 1742 272 1808 ob
295 1740 473 1827 superbiam
493 1739 634 1819 Pisonis,
661 1741 715 1825 qui
737 1741 841 1807 iussus
863 1753 984 1829 partem
1004 1742 1164 1830 legionum
1186 1743 1256 1828 ipse

232 1846 285 1901 aut
301 1857 357 1921 per
373 1835 471 1900 filium
489 1835 522 1899 in
539 1835 724 1900 Armeniam
745 1837 858 1902 ducere
876 1847 1041 1920 utrumque
1059 1837 1254 1923 neglexerat:

233 1929 325 2017 Cyrri
342 1929 468 1994 demum
486 1931 570 2014 apud
592 1930 723 1995 hiberna
745 1932 894 1997 decumae
915 1931 1048 2019 legionis
1071 1953 1254 2010 convenere,

231 2025 353 2090 firmato
369 2025 471 2102 vultu,
489 2023 565 2090 Piso
584 2025 734 2091 adversus
753 2038 884 2105 metum,
904 2024 1120 2105 Germanicus,
1139 2049 1179 2092 ne
1196 2027 1256 2097 mi-

231 2118 298 2183 nari
315 2119 503 2196 crederetur3
528 2128 559 2184 et
577 2129 656 2197 erat,
679 2129 714 2184 ut
731 2121 849 2200 rettuli,
872 2121 1065 2200 clementior;
1089 2123 1146 2186 sed
1162 2121 1256 2186 amici

230 2213 435 2278 accendendis
454 2213 678 2279 offensionibus
698 2215 801 2280 callidi
817 2215 977 2280 intendere
993 2237 1081 2292 vera,
1105 2216 1255 2302 adgerere

231 2306 312 2371 salsa
328 2306 493 2392 ipsumque
511 2317 543 2373 et
558 2306 743 2373 Plancinam
761 2318 792 2374 et
812 2309 893 2374 filios
916 2309 1010 2374 variis
1032 2309 1133 2374 modis
1152 2308 1256 2374 crimi-

230 2401 310 2466 nari:
328 2410 486 2486 postremo
498 2402 606 2488 paucis
620 2401 818 2467 familiarium
836 2403 984 2468 adhibitis
1003 2425 1104 2468 sermo
1123 2413 1254 2488 coeptus

230 2520 250 2560 a
268 2494 404 2560 Caesare
422 2495 546 2577 qualem
563 2496 610 2560 ira
628 2506 658 2560 et
676 2497 881 2563 dissimulatio
898 2497 1012 2587 gignit3
1031 2519 1218 2583 responsum
1236 2521 1255 2561 a

229 2589 346 2655 Pisone
375 2589 520 2675 precibus
552 2591 801 2670 contumacibus3
827 2593 1106 2676 ‘discesserantque
1137 2589 1252 2678 apertis

154 2753 159 2760 ,
230 2683 324 2761 odiis3
337 2693 470 2768 postque
482 2707 570 2749 rarus
584 2685 618 2749 in
631 2685 777 2751 tribunali
787 2686 933 2752 Caesaris
941 2686 1028 2765 Piso,
1043 2696 1074 2752 et
1087 2687 1114 2751 si
1127 2688 1253 2770 quando

230 2776 394 2853 adsideret,
413 2787 502 2842 atrox
515 2800 552 2842 ac
569 2779 732 2844 dissentire
746 2780 940 2846 manifestus.
963 2803 1026 2846 vox
1043 2802 1167 2864 quoque
1186 2781 1253 2846 eius

230 2870 336 2933 audita
353 2879 401 2934 est
417 2871 451 2934 in
469 2872 623 2950 convivio,
641 2894 714 2938 oum
731 2875 816 2959 apud
832 2897 939 2960 regern
952 2873 1183 2939 Nabataeorum
1202 2896 1254 2939 co·

226 2984 323 3028 ronae
341 2986 453 3028 aureae
466 2988 581 3051 magno
598 2967 736 3051 pondere
751 2967 881 3033 Caesari
899 2977 930 3032 et
942 2967 1147 3054 Agrippinae,
1166 2967 1252 3032 leves

228 3055 338 3122 Pisoni
355 3065 386 3122 et
404 3058 513 3123 ceteris
532 3059 725 3139 offerrentur,
743 3062 892 3146 principis
905 3061 1049 3139 Romani,
1067 3083 1130 3126 non
1142 3059 1254 3126 Parthi

228 3150 312 3237 regis
333 3149 397 3216 filio
419 3173 472 3217 eas
495 3153 602 3238 epulas
628 3154 708 3233 dari3
736 3155 910 3239 abiecitque
937 3155 1030 3220 simul
1052 3176 1199 3220 coronam
1222 3165 1253 3220 et

228 3244 326 3309 multa
334 3245 367 3308 in
375 3245 484 3309 luxum
494 3246 622 3326 addidit,
637 3270 717 3332 quae
728 3246 916 3315 Germanico
930 3270 1118 3334 quamquam
1128 3246 1250 3326 acerba,

229 3337 439 3404 tolerabantur
456 3349 569 3408 tamen.
1101 3396 1104 3399 .

179 3454 210 3502 58
292 3431 378 3496 Inter
390 3454 475 3517 quae
493 3433 532 3499 ab
545 3457 620 3522 rege
632 3435 822 3500 Parthorum
835 3435 997 3503 Artabano
1010 3435 1106 3522 legati
1122 3458 1250 3513 venere3

222 3527 355 3609 ⁴miserat
375 3526 542 3593 amicitiam
564 3551 601 3593 ao
622 3528 734 3595 foedus
756 3542 995 3607 memoraturos,
1019 3540 1050 3595 et
1071 3552 1185 3615 cupere
1203 3553 1251 3595 re-

228 3620 336 3698 novari
361 3621 502 3699 dextras,
529 3623 735 3707 daturumque
761 3625 872 3690 honori
894 3623 1073 3690 Germanici
1093 3632 1129 3687 ut
1149 3623 1251 3708 ripam

227 3716 398 3802 Euphratis
421 3719 596 3797 accederet3
618 3728 724 3805 petere
741 3720 864 3786 interim
881 3743 921 3785 ne
938 3719 1087 3786 Vonones
1104 3718 1138 3783 in
1158 3717 1251 3805 Syria

228 3809 394 3876 haberetur
410 3834 472 3876 neu
488 3834 631 3898 proceres
645 3814 786 3900 gentium
798 3815 980 3901 propinquis
993 3814 1110 3879 nuntiis
1128 3815 1170 3878 ad
1187 3811 1250 3878 dis-

229 3905 349 3970 cordias
367 3905 510 3972 traheret.
533 3907 575 3972 ad
592 3930 629 3972 ea
643 3906 849 3975 Germanicus
868 3910 907 3973 de
926 3909 1073 3974 societate
1090 3908 1250 3974 Romano-

100 4038 107 4053 e
227 4020 298 4062 rum
314 3996 562 4084 Parthorumque
584 4001 763 4088 magnifice,
785 4003 825 4067 de
847 4003 982 4068 adventu
1004 4002 1088 4089 regis
1110 4011 1142 4067 et
1163 4002 1249 4067 cultu

229 4089 277 4155 sui
303 4113 374 4157 cum
399 4092 510 4159 decore
536 4116 574 4161 ac
599 4096 760 4162 modestia*
777 4095 950 4181 respondit3
978 4094 1127 4161 Vonones
1152 4093 1249 4160 Pom-
