<?xml version="1.0" encoding="UTF-8"?>
<!DOCTYPE html PUBLIC "-//W3C//DTD XHTML 1.0 Transitional//EN"
    "http://www.w3.org/TR/xhtml1/DTD/xhtml1-transitional.dtd">
<html xmlns="http://www.w3.org/1999/xhtml" xml:lang="en" lang="en">
 <head>
  <title>
</title>
<meta http-equiv="Content-Type" content="text/html;charset=utf-8" />
  <meta name='ocr-system' content='tesseract 3.04.00' />
  <meta name='ocr-capabilities' content='ocr_page ocr_carea ocr_par ocr_line ocrx_word'/>
</head>
<body>
  <div class='ocr_page' id='page_1' title='image "./corneliitacitio01haasgoog_0269.png"; bbox 0 0 2760 4874; ppageno 0'>
   <div class='ocr_carea' id='block_1_1' title="bbox 206 380 884 447">
    <p class='ocr_par' dir='ltr' id='par_1_1' title="bbox 206 380 884 447">
     <span class='ocr_line' id='line_1_1' title="bbox 206 380 884 447; baseline 0.003 -2"><span class='ocrx_word' id='word_1_1' title='bbox 206 380 267 446; x_wconf 77' lang='grc'><strong>192</strong></span> <span class='ocrx_word' id='word_1_2' title='bbox 553 386 737 446; x_wconf 78' lang='lat' dir='ltr'>CORNELII</span> <span class='ocrx_word' id='word_1_3' title='bbox 751 389 884 447; x_wconf 78' lang='lat' dir='ltr'><strong>TACl&#39;l&#39;I</strong></span> 
     </span>
    </p>
   </div>
   <div class='ocr_carea' id='block_1_2' title="bbox 204 485 1232 633">
    <p class='ocr_par' dir='ltr' id='par_1_2' title="bbox 204 485 1232 633">
     <span class='ocr_line' id='line_1_2' title="bbox 1122 492 1232 524; baseline 0.009 -1"><span class='ocrx_word' id='word_1_4' title='bbox 1122 492 1144 523; x_wconf 73' lang='grc' dir='ltr'><strong>Ι.</strong></span> <span class='ocrx_word' id='word_1_5' title='bbox 1152 494 1176 524; x_wconf 70' lang='lat' dir='ltr'><strong>ss·</strong></span> <span class='ocrx_word' id='word_1_6' title='bbox 1226 511 1232 524; x_wconf 83' lang='lat'><strong>·</strong></span> 
     </span>
     <span class='ocr_line' id='line_1_3' title="bbox 204 485 1231 633; baseline 0.001 -18"><span class='ocrx_word' id='word_1_7' title='bbox 204 551 362 616; x_wconf 82' lang='lat' dir='ltr'><strong>civitatem</strong></span> <span class='ocrx_word' id='word_1_8' title='bbox 375 547 550 612; x_wconf 89' lang='lat' dir='ltr'><strong>Romanam</strong></span> <span class='ocrx_word' id='word_1_9' title='bbox 564 555 595 610; x_wconf 89' lang='lat' dir='ltr'><strong>et</strong></span> <span class='ocrx_word' id='word_1_10' title='bbox 611 546 644 610; x_wconf 87' lang='lat' dir='ltr'><strong>in</strong></span> <span class='ocrx_word' id='word_1_11' title='bbox 657 545 792 613; x_wconf 79' lang='lat' dir='ltr'><strong>familias</strong></span> <span class='ocrx_word' id='word_1_12' title='bbox 805 547 1004 633; x_wconf 86' lang='lat' dir='ltr'><strong>patriciorum</strong></span> <span class='ocrx_word' id='word_1_13' title='bbox 1016 549 1159 616; x_wconf 85' lang='lat' dir='ltr'><strong>adscitus</strong></span> <span class='ocrx_word' id='word_1_14' title='bbox 1173 485 1231 630; x_wconf 54' lang='lat' dir='ltr'><strong>essol,</strong></span> 
     </span>
    </p>
   </div>
   <div class='ocr_carea' id='block_1_3' title="bbox 203 640 1234 920">
    <p class='ocr_par' dir='ltr' id='par_1_3' title="bbox 203 640 1234 920">
     <span class='ocr_line' id='line_1_4' title="bbox 203 640 1234 729; baseline 0.002 -20"><span class='ocrx_word' id='word_1_15' title='bbox 203 645 365 709; x_wconf 83' lang='lat' dir='ltr'><strong>hortantur</strong></span> <span class='ocrx_word' id='word_1_16' title='bbox 375 642 418 706; x_wconf 91' lang='lat' dir='ltr'><strong>uti</strong></span> <span class='ocrx_word' id='word_1_17' title='bbox 427 640 554 727; x_wconf 89' lang='lat' dir='ltr'><strong>paribus</strong></span> <span class='ocrx_word' id='word_1_18' title='bbox 564 641 700 706; x_wconf 84' lang='lat' dir='ltr'><strong>consiliis</strong></span> <span class='ocrx_word' id='word_1_19' title='bbox 709 640 936 727; x_wconf 81' lang='lat' dir='ltr'><strong>rempublicam</strong></span> <span class='ocrx_word' id='word_1_20' title='bbox 944 665 1120 729; x_wconf 78' lang='lat' dir='ltr'><strong>capessam,</strong></span> <span class='ocrx_word' id='word_1_21' title='bbox 1131 655 1234 711; x_wconf 84' lang='lat' dir='ltr'><strong>trans·</strong></span> 
     </span>
     <span class='ocr_line' id='line_1_5' title="bbox 203 736 1232 823; baseline 0 -18"><span class='ocrx_word' id='word_1_22' title='bbox 203 739 333 805; x_wconf 88' lang='lat' dir='ltr'><strong>ferendo</strong></span> <span class='ocrx_word' id='word_1_23' title='bbox 354 737 417 801; x_wconf 86' lang='lat' dir='ltr'><strong>lure</strong></span> <span class='ocrx_word' id='word_1_24' title='bbox 439 736 524 820; x_wconf 87' lang='lat' dir='ltr'><strong>quod</strong></span> <span class='ocrx_word' id='word_1_25' title='bbox 545 757 678 818; x_wconf 80' lang='lat' dir='ltr'><strong>usquam</strong></span> <span class='ocrx_word' id='word_1_26' title='bbox 704 737 867 823; x_wconf 82' lang='lat' dir='ltr'><strong>egregium</strong></span> <span class='ocrx_word' id='word_1_27' title='bbox 887 737 994 816; x_wconf 82' lang='lat' dir='ltr'><strong>suerit3</strong></span> <span class='ocrx_word' id='word_1_28' title='bbox 1021 760 1127 822; x_wconf 87' lang='lat' dir='ltr'><strong>neque</strong></span> <span class='ocrx_word' id='word_1_29' title='bbox 1147 741 1232 805; x_wconf 89' lang='lat' dir='ltr'><strong>enim</strong></span> 
     </span>
     <span class='ocr_line' id='line_1_6' title="bbox 203 828 1231 920; baseline -0.001 -21"><span class='ocrx_word' id='word_1_30' title='bbox 203 835 313 920; x_wconf 78' lang='lat' dir='ltr'><strong>ignoro</strong></span> <span class='ocrx_word' id='word_1_31' title='bbox 322 831 419 897; x_wconf 88' lang='lat' dir='ltr'><strong>lulios</strong></span> <span class='ocrx_word' id='word_1_32' title='bbox 429 829 523 907; x_wconf 86' lang='lat' dir='ltr'><strong>Alba,</strong></span> <span class='ocrx_word' id='word_1_33' title='bbox 539 828 754 896; x_wconf 81' lang='lat' dir='ltr'><strong>Coruncanios</strong></span> <span class='ocrx_word' id='word_1_34' title='bbox 769 831 923 909; x_wconf 82' lang='lat' dir='ltr'><strong>Camerio,</strong></span> <span class='ocrx_word' id='word_1_35' title='bbox 936 831 1067 898; x_wconf 89' lang='lat' dir='ltr'><strong>Porcios</strong></span> <span class='ocrx_word' id='word_1_36' title='bbox 1077 832 1231 910; x_wconf 89' lang='lat' dir='ltr'><strong>Tusculo,</strong></span> 
     </span>
    </p>
   </div>
   <div class='ocr_carea' id='block_1_4' title="bbox 147 925 1233 4214">
    <p class='ocr_par' dir='ltr' id='par_1_4' title="bbox 147 925 1233 4214">
     <span class='ocr_line' id='line_1_7' title="bbox 203 925 1233 1010; baseline -0.002 -15"><span class='ocrx_word' id='word_1_37' title='bbox 203 942 235 995; x_wconf 90' lang='lat' dir='ltr'><strong>et</strong></span> <span class='ocrx_word' id='word_1_38' title='bbox 251 951 292 994; x_wconf 92' lang='lat' dir='ltr'><strong>ne</strong></span> <span class='ocrx_word' id='word_1_39' title='bbox 309 939 415 993; x_wconf 87' lang='lat' dir='ltr'><strong>vetera</strong></span> <span class='ocrx_word' id='word_1_40' title='bbox 428 936 610 1002; x_wconf 82' lang='lat' dir='ltr'><strong>scrutemur,</strong></span> <span class='ocrx_word' id='word_1_41' title='bbox 628 925 756 990; x_wconf 81' lang='lat' dir='ltr'><strong>Etruria</strong></span> <span class='ocrx_word' id='word_1_42' title='bbox 767 927 971 1010; x_wconf 82' lang='lat' dir='ltr'><strong>Lucaniaque</strong></span> <span class='ocrx_word' id='word_1_43' title='bbox 989 935 1021 992; x_wconf 87' lang='lat' dir='ltr'><strong>et</strong></span> <span class='ocrx_word' id='word_1_44' title='bbox 1038 928 1127 994; x_wconf 92' lang='lat' dir='ltr'><strong>omni</strong></span> <span class='ocrx_word' id='word_1_45' title='bbox 1139 927 1233 993; x_wconf 88' lang='lat' dir='ltr'><strong>Italia</strong></span> 
     </span>
     <span class='ocr_line' id='line_1_8' title="bbox 203 1019 1231 1107; baseline -0.003 -17"><span class='ocrx_word' id='word_1_46' title='bbox 203 1025 236 1089; x_wconf 89' lang='lat' dir='ltr'><strong>in</strong></span> <span class='ocrx_word' id='word_1_47' title='bbox 254 1033 397 1090; x_wconf 89' lang='lat' dir='ltr'><strong>senatum</strong></span> <span class='ocrx_word' id='word_1_48' title='bbox 414 1021 545 1097; x_wconf 87' lang='lat' dir='ltr'><strong>accitos,</strong></span> <span class='ocrx_word' id='word_1_49' title='bbox 568 1030 726 1105; x_wconf 91' lang='lat' dir='ltr'><strong>postremo</strong></span> <span class='ocrx_word' id='word_1_50' title='bbox 742 1020 845 1105; x_wconf 88' lang='lat' dir='ltr'><strong>ipsam</strong></span> <span class='ocrx_word' id='word_1_51' title='bbox 866 1021 906 1086; x_wconf 91' lang='lat' dir='ltr'><strong>ad</strong></span> <span class='ocrx_word' id='word_1_52' title='bbox 923 1019 1025 1107; x_wconf 82' lang='lat' dir='ltr'><strong>Alpes</strong></span> <span class='ocrx_word' id='word_1_53' title='bbox 1041 1031 1231 1107; x_wconf 82' lang='lat' dir='ltr'><strong>promotam,</strong></span> 
     </span>
     <span class='ocr_line' id='line_1_9' title="bbox 202 1113 1233 1201; baseline -0.002 -19"><span class='ocrx_word' id='word_1_54' title='bbox 202 1128 319 1182; x_wconf 88' lang='lat' dir='ltr'><strong>utnon</strong></span> <span class='ocrx_word' id='word_1_55' title='bbox 337 1116 431 1180; x_wconf 91' lang='lat' dir='ltr'><strong>modo</strong></span> <span class='ocrx_word' id='word_1_56' title='bbox 449 1114 566 1200; x_wconf 84' lang='lat' dir='ltr'><strong>singuli</strong></span> <span class='ocrx_word' id='word_1_57' title='bbox 582 1113 711 1191; x_wconf 86' lang='lat' dir='ltr'><strong>viritim,</strong></span> <span class='ocrx_word' id='word_1_58' title='bbox 731 1114 788 1179; x_wconf 88' lang='lat' dir='ltr'><strong>sed</strong></span> <span class='ocrx_word' id='word_1_59' title='bbox 805 1124 917 1191; x_wconf 86' lang='lat' dir='ltr'><strong>terrae,</strong></span> <span class='ocrx_word' id='word_1_60' title='bbox 935 1125 1045 1201; x_wconf 83' lang='lat' dir='ltr'><strong>gentes</strong></span> <span class='ocrx_word' id='word_1_61' title='bbox 1062 1115 1098 1180; x_wconf 89' lang='lat' dir='ltr'><strong>in</strong></span> <span class='ocrx_word' id='word_1_62' title='bbox 1115 1136 1233 1183; x_wconf 90' lang='lat' dir='ltr'><strong>nomen</strong></span> 
     </span>
     <span class='ocr_line' id='line_1_10' title="bbox 201 1209 1232 1294; baseline -0.001 -17"><span class='ocrx_word' id='word_1_63' title='bbox 201 1224 342 1279; x_wconf 89' lang='lat' dir='ltr'><strong>nostrum</strong></span> <span class='ocrx_word' id='word_1_64' title='bbox 362 1211 580 1276; x_wconf 72' lang='lat' dir='ltr'><strong>coalescerent</strong></span> <span class='ocrx_word' id='word_1_65' title='bbox 604 1219 677 1272; x_wconf 90' lang='lat' dir='ltr'><strong>tunc</strong></span> <span class='ocrx_word' id='word_1_66' title='bbox 691 1209 790 1274; x_wconf 88' lang='lat' dir='ltr'><strong>solida</strong></span> <span class='ocrx_word' id='word_1_67' title='bbox 807 1209 893 1275; x_wconf 91' lang='lat' dir='ltr'><strong>domi</strong></span> <span class='ocrx_word' id='word_1_68' title='bbox 909 1210 1007 1294; x_wconf 90' lang='lat' dir='ltr'><strong>quies,</strong></span> <span class='ocrx_word' id='word_1_69' title='bbox 1026 1219 1059 1275; x_wconf 88' lang='lat' dir='ltr'><strong>et</strong></span> <span class='ocrx_word' id='word_1_70' title='bbox 1075 1210 1232 1277; x_wconf 89' lang='lat' dir='ltr'><strong>adversus</strong></span> 
     </span>
     <span class='ocr_line' id='line_1_11' title="bbox 202 1302 1230 1390; baseline -0.003 -19"><span class='ocrx_word' id='word_1_71' title='bbox 202 1316 331 1371; x_wconf 85' lang='lat' dir='ltr'><strong>externa</strong></span> <span class='ocrx_word' id='word_1_72' title='bbox 348 1303 523 1380; x_wconf 89' lang='lat' dir='ltr'><strong>floruimus,</strong></span> <span class='ocrx_word' id='word_1_73' title='bbox 546 1324 618 1367; x_wconf 88' lang='lat' dir='ltr'><strong>cum</strong></span> <span class='ocrx_word' id='word_1_74' title='bbox 636 1302 854 1388; x_wconf 88' lang='lat' dir='ltr'><strong>Transpadani</strong></span> <span class='ocrx_word' id='word_1_75' title='bbox 871 1304 904 1367; x_wconf 90' lang='lat' dir='ltr'><strong>in</strong></span> <span class='ocrx_word' id='word_1_76' title='bbox 921 1303 1077 1369; x_wconf 86' lang='lat' dir='ltr'><strong>civitatem</strong></span> <span class='ocrx_word' id='word_1_77' title='bbox 1100 1305 1230 1390; x_wconf 87' lang='lat' dir='ltr'><strong>recepti,</strong></span> 
     </span>
     <span class='ocr_line' id='line_1_12' title="bbox 202 1394 1232 1484; baseline -0.003 -19"><span class='ocrx_word' id='word_1_78' title='bbox 202 1422 275 1465; x_wconf 93' lang='lat' dir='ltr'><strong>cum</strong></span> <span class='ocrx_word' id='word_1_79' title='bbox 298 1399 401 1484; x_wconf 91' lang='lat' dir='ltr'><strong>specie</strong></span> <span class='ocrx_word' id='word_1_80' title='bbox 424 1398 626 1461; x_wconf 88' lang='lat' dir='ltr'><strong>deductamm</strong></span> <span class='ocrx_word' id='word_1_81' title='bbox 648 1418 705 1481; x_wconf 90' lang='lat' dir='ltr'><strong>por</strong></span> <span class='ocrx_word' id='word_1_82' title='bbox 726 1394 833 1465; x_wconf 90' lang='lat' dir='ltr'><strong>orbem</strong></span> <span class='ocrx_word' id='word_1_83' title='bbox 855 1407 953 1462; x_wconf 90' lang='lat' dir='ltr'><strong>terrae</strong></span> <span class='ocrx_word' id='word_1_84' title='bbox 974 1397 1153 1483; x_wconf 82' lang='lat' dir='ltr'><strong>legionum,</strong></span> <span class='ocrx_word' id='word_1_85' title='bbox 1175 1399 1232 1464; x_wconf 90' lang='lat' dir='ltr'><strong>ad·</strong></span> 
     </span>
     <span class='ocr_line' id='line_1_13' title="bbox 203 1489 1231 1579; baseline -0.003 -20"><span class='ocrx_word' id='word_1_86' title='bbox 203 1495 275 1560; x_wconf 89' lang='lat' dir='ltr'><strong>ditis</strong></span> <span class='ocrx_word' id='word_1_87' title='bbox 292 1491 530 1579; x_wconf 85' lang='lat' dir='ltr'><strong>provincialium</strong></span> <span class='ocrx_word' id='word_1_88' title='bbox 548 1490 762 1567; x_wconf 77' lang='lat' dir='ltr'><strong>validissimis,</strong></span> <span class='ocrx_word' id='word_1_89' title='bbox 785 1491 874 1556; x_wconf 81' lang='lat' dir='ltr'><strong>fesso</strong></span> <span class='ocrx_word' id='word_1_90' title='bbox 889 1489 1018 1576; x_wconf 90' lang='lat' dir='ltr'><strong>imperio</strong></span> <span class='ocrx_word' id='word_1_91' title='bbox 1036 1490 1231 1557; x_wconf 80' lang='lat' dir='ltr'><strong>subventum</strong></span> 
     </span>
     <span class='ocr_line' id='line_1_14' title="bbox 202 1584 1230 1673; baseline -0.001 -20"><span class='ocrx_word' id='word_1_92' title='bbox 202 1600 264 1653; x_wconf 83' lang='lat' dir='ltr'><strong>est:</strong></span> <span class='ocrx_word' id='word_1_93' title='bbox 283 1610 358 1651; x_wconf 90' lang='lat' dir='ltr'><strong>num</strong></span> <span class='ocrx_word' id='word_1_94' title='bbox 377 1586 513 1671; x_wconf 85' lang='lat' dir='ltr'><strong>paenitet</strong></span> <span class='ocrx_word' id='word_1_95' title='bbox 527 1584 644 1650; x_wconf 87' lang='lat' dir='ltr'><strong>Balbos</strong></span> <span class='ocrx_word' id='word_1_96' title='bbox 662 1607 702 1650; x_wconf 85' lang='lat' dir='ltr'><strong>ex</strong></span> <span class='ocrx_word' id='word_1_97' title='bbox 715 1584 871 1670; x_wconf 89' lang='lat' dir='ltr'><strong>Hispania</strong></span> <span class='ocrx_word' id='word_1_98' title='bbox 887 1607 947 1650; x_wconf 88' lang='lat' dir='ltr'><strong>nee</strong></span> <span class='ocrx_word' id='word_1_99' title='bbox 963 1585 1067 1651; x_wconf 86' lang='lat' dir='ltr'><strong>minus</strong></span> <span class='ocrx_word' id='word_1_100' title='bbox 1085 1586 1230 1673; x_wconf 80' lang='lat' dir='ltr'><strong>insignes</strong></span> 
     </span>
     <span class='ocr_line' id='line_1_15' title="bbox 202 1678 1232 1765; baseline 0 -19"><span class='ocrx_word' id='word_1_101' title='bbox 202 1683 285 1746; x_wconf 81' lang='lat' dir='ltr'><strong>viros</strong></span> <span class='ocrx_word' id='word_1_102' title='bbox 303 1703 321 1745; x_wconf 92' lang='lat' dir='ltr'><strong>e</strong></span> <span class='ocrx_word' id='word_1_103' title='bbox 340 1678 445 1745; x_wconf 89' lang='lat' dir='ltr'><strong>Gallia</strong></span> <span class='ocrx_word' id='word_1_104' title='bbox 461 1678 657 1744; x_wconf 89' lang='lat' dir='ltr'><strong>Narbonensi</strong></span> <span class='ocrx_word' id='word_1_105' title='bbox 675 1679 875 1744; x_wconf 79' lang='lat' dir='ltr'><strong>transivisse?</strong></span> <span class='ocrx_word' id='word_1_106' title='bbox 895 1689 1022 1744; x_wconf 89' lang='lat' dir='ltr'><strong>manent</strong></span> <span class='ocrx_word' id='word_1_107' title='bbox 1038 1680 1160 1765; x_wconf 84' lang='lat' dir='ltr'><strong>posteri</strong></span> <span class='ocrx_word' id='word_1_108' title='bbox 1177 1702 1232 1746; x_wconf 91' lang='lat' dir='ltr'><strong>eo-</strong></span> 
     </span>
     <span class='ocr_line' id='line_1_16' title="bbox 201 1773 1231 1859; baseline 0 -19"><span class='ocrx_word' id='word_1_109' title='bbox 201 1797 271 1840; x_wconf 92' lang='lat' dir='ltr'><strong>rum</strong></span> <span class='ocrx_word' id='word_1_110' title='bbox 280 1796 339 1840; x_wconf 92' lang='lat' dir='ltr'><strong>nec</strong></span> <span class='ocrx_word' id='word_1_111' title='bbox 347 1795 453 1838; x_wconf 87' lang='lat' dir='ltr'><strong>amore</strong></span> <span class='ocrx_word' id='word_1_112' title='bbox 466 1773 593 1838; x_wconf 85' lang='lat' dir='ltr'><strong>inbono</strong></span> <span class='ocrx_word' id='word_1_113' title='bbox 606 1773 738 1859; x_wconf 88' lang='lat' dir='ltr'><strong>patriam</strong></span> <span class='ocrx_word' id='word_1_114' title='bbox 751 1773 841 1839; x_wconf 92' lang='lat' dir='ltr'><strong>nobis</strong></span> <span class='ocrx_word' id='word_1_115' title='bbox 855 1774 1038 1839; x_wconf 76' lang='lat' dir='ltr'><strong>concedunt</strong></span> <span class='ocrx_word' id='word_1_116' title='bbox 1056 1774 1136 1858; x_wconf 88' lang='lat' dir='ltr'><strong>quid</strong></span> <span class='ocrx_word' id='word_1_117' title='bbox 1144 1774 1231 1840; x_wconf 89' lang='lat' dir='ltr'><strong>aliud</strong></span> 
     </span>
     <span class='ocr_line' id='line_1_17' title="bbox 201 1866 1231 1951; baseline 0 -18"><span class='ocrx_word' id='word_1_118' title='bbox 201 1868 296 1933; x_wconf 83' lang='lat' dir='ltr'><strong>exitio</strong></span> <span class='ocrx_word' id='word_1_119' title='bbox 310 1866 572 1932; x_wconf 80' lang='lat' dir='ltr'><strong>Lacedaemoniis</strong></span> <span class='ocrx_word' id='word_1_120' title='bbox 587 1878 619 1931; x_wconf 88' lang='lat' dir='ltr'><strong>et</strong></span> <span class='ocrx_word' id='word_1_121' title='bbox 630 1866 877 1934; x_wconf 88' lang='lat' dir='ltr'><strong>Atheniensibus</strong></span> <span class='ocrx_word' id='word_1_122' title='bbox 890 1867 958 1945; x_wconf 83' lang='lat' dir='ltr'><strong>fuit,</strong></span> <span class='ocrx_word' id='word_1_123' title='bbox 973 1889 1167 1951; x_wconf 90' lang='lat' dir='ltr'><strong>quamquam</strong></span> <span class='ocrx_word' id='word_1_124' title='bbox 1181 1892 1231 1933; x_wconf 89' lang='lat' dir='ltr'><strong>ar-</strong></span> 
     </span>
     <span class='ocr_line' id='line_1_18' title="bbox 202 1960 1231 2048; baseline -0.001 -22"><span class='ocrx_word' id='word_1_125' title='bbox 202 1963 261 2027; x_wconf 89' lang='lat' dir='ltr'><strong>mis</strong></span> <span class='ocrx_word' id='word_1_126' title='bbox 283 1961 448 2048; x_wconf 88' lang='lat' dir='ltr'><strong>pollerent,</strong></span> <span class='ocrx_word' id='word_1_127' title='bbox 472 1961 533 2026; x_wconf 90' lang='lat' dir='ltr'><strong>nisi</strong></span> <span class='ocrx_word' id='word_1_128' title='bbox 554 1961 639 2045; x_wconf 87' lang='lat' dir='ltr'><strong>quod</strong></span> <span class='ocrx_word' id='word_1_129' title='bbox 655 1961 755 2027; x_wconf 88' lang='lat' dir='ltr'><strong>victos</strong></span> <span class='ocrx_word' id='word_1_130' title='bbox 776 1983 834 2046; x_wconf 91' lang='lat' dir='ltr'><strong>pro</strong></span> <span class='ocrx_word' id='word_1_131' title='bbox 855 1960 1036 2047; x_wconf 87' lang='lat' dir='ltr'><strong>alienigenis</strong></span> <span class='ocrx_word' id='word_1_132' title='bbox 1059 1961 1231 2027; x_wconf 75' lang='lat' dir='ltr'><strong>arcebant?</strong></span> 
     </span>
     <span class='ocr_line' id='line_1_19' title="bbox 201 2054 1230 2142; baseline 0 -21"><span class='ocrx_word' id='word_1_133' title='bbox 201 2065 234 2121; x_wconf 92' lang='lat' dir='ltr'><strong>at</strong></span> <span class='ocrx_word' id='word_1_134' title='bbox 251 2056 393 2122; x_wconf 88' lang='lat' dir='ltr'><strong>conditor</strong></span> <span class='ocrx_word' id='word_1_135' title='bbox 410 2056 508 2120; x_wconf 88' lang='lat' dir='ltr'><strong>nostri</strong></span> <span class='ocrx_word' id='word_1_136' title='bbox 521 2055 676 2120; x_wconf 88' lang='lat' dir='ltr'><strong>Romulus</strong></span> <span class='ocrx_word' id='word_1_137' title='bbox 690 2065 810 2120; x_wconf 88' lang='lat' dir='ltr'><strong>tantum</strong></span> <span class='ocrx_word' id='word_1_138' title='bbox 823 2054 976 2141; x_wconf 88' lang='lat' dir='ltr'><strong>sapientia</strong></span> <span class='ocrx_word' id='word_1_139' title='bbox 992 2054 1091 2120; x_wconf 87' lang='lat' dir='ltr'><strong>valuit</strong></span> <span class='ocrx_word' id='word_1_140' title='bbox 1109 2064 1146 2120; x_wconf 88' lang='lat' dir='ltr'><strong>ut</strong></span> <span class='ocrx_word' id='word_1_141' title='bbox 1161 2056 1230 2142; x_wconf 88' lang='lat' dir='ltr'><strong>ple-</strong></span> 
     </span>
     <span class='ocr_line' id='line_1_20' title="bbox 200 2148 1230 2236; baseline -0.001 -20"><span class='ocrx_word' id='word_1_142' title='bbox 200 2173 314 2235; x_wconf 91' lang='lat' dir='ltr'><strong>rosque</strong></span> <span class='ocrx_word' id='word_1_143' title='bbox 327 2150 460 2236; x_wconf 91' lang='lat' dir='ltr'><strong>populos</strong></span> <span class='ocrx_word' id='word_1_144' title='bbox 475 2150 585 2215; x_wconf 91' lang='lat' dir='ltr'><strong>eodem</strong></span> <span class='ocrx_word' id='word_1_145' title='bbox 599 2149 650 2214; x_wconf 91' lang='lat' dir='ltr'><strong>dia</strong></span> <span class='ocrx_word' id='word_1_146' title='bbox 667 2149 783 2226; x_wconf 88' lang='lat' dir='ltr'><strong>hostes,</strong></span> <span class='ocrx_word' id='word_1_147' title='bbox 802 2150 875 2215; x_wconf 86' lang='lat' dir='ltr'><strong>&lt;lein</strong></span> <span class='ocrx_word' id='word_1_148' title='bbox 891 2149 976 2215; x_wconf 87' lang='lat' dir='ltr'><strong>cives</strong></span> <span class='ocrx_word' id='word_1_149' title='bbox 994 2148 1150 2215; x_wconf 78' lang='lat' dir='ltr'><strong>habuerit</strong></span> <span class='ocrx_word' id='word_1_150' title='bbox 1173 2150 1230 2215; x_wconf 89' lang='lat' dir='ltr'><strong>ad·</strong></span> 
     </span>
     <span class='ocr_line' id='line_1_21' title="bbox 200 2242 1229 2333; baseline 0 -24"><span class='ocrx_word' id='word_1_151' title='bbox 200 2268 299 2310; x_wconf 80' lang='lat' dir='ltr'><strong>venae</strong></span> <span class='ocrx_word' id='word_1_152' title='bbox 317 2246 350 2310; x_wconf 92' lang='lat' dir='ltr'><strong>in</strong></span> <span class='ocrx_word' id='word_1_153' title='bbox 368 2267 425 2310; x_wconf 92' lang='lat' dir='ltr'><strong>nos</strong></span> <span class='ocrx_word' id='word_1_154' title='bbox 447 2253 670 2330; x_wconf 84' lang='lat' dir='ltr'><strong>regnaverunt;</strong></span> <span class='ocrx_word' id='word_1_155' title='bbox 693 2242 907 2308; x_wconf 83' lang='lat' dir='ltr'><strong>libertinorum</strong></span> <span class='ocrx_word' id='word_1_156' title='bbox 928 2243 999 2308; x_wconf 86' lang='lat' dir='ltr'><strong>liliis</strong></span> <span class='ocrx_word' id='word_1_157' title='bbox 1021 2244 1229 2333; x_wconf 76' lang='lat' dir='ltr'><strong>magistratus</strong></span> 
     </span>
     <span class='ocr_line' id='line_1_22' title="bbox 200 2337 1230 2424; baseline 0 -20"><span class='ocrx_word' id='word_1_158' title='bbox 200 2340 342 2404; x_wconf 88' lang='lat' dir='ltr'><strong>mandari</strong></span> <span class='ocrx_word' id='word_1_159' title='bbox 359 2362 436 2416; x_wconf 90' lang='lat' dir='ltr'><strong>non,</strong></span> <span class='ocrx_word' id='word_1_160' title='bbox 455 2348 490 2402; x_wconf 93' lang='lat' dir='ltr'><strong>ut</strong></span> <span class='ocrx_word' id='word_1_161' title='bbox 506 2338 645 2422; x_wconf 88' lang='lat' dir='ltr'><strong>plerique</strong></span> <span class='ocrx_word' id='word_1_162' title='bbox 663 2337 824 2414; x_wconf 86' lang='lat' dir='ltr'><strong>falluntur,</strong></span> <span class='ocrx_word' id='word_1_163' title='bbox 843 2359 964 2424; x_wconf 92' lang='lat' dir='ltr'><strong>repens,</strong></span> <span class='ocrx_word' id='word_1_164' title='bbox 983 2338 1040 2405; x_wconf 86' lang='lat' dir='ltr'><strong>sed</strong></span> <span class='ocrx_word' id='word_1_165' title='bbox 1056 2339 1155 2423; x_wconf 87' lang='lat' dir='ltr'><strong>priori</strong></span> <span class='ocrx_word' id='word_1_166' title='bbox 1171 2361 1230 2424; x_wconf 92' lang='lat' dir='ltr'><strong>po-</strong></span> 
     </span>
     <span class='ocr_line' id='line_1_23' title="bbox 199 2430 1230 2519; baseline 0 -23"><span class='ocrx_word' id='word_1_167' title='bbox 199 2433 273 2519; x_wconf 92' lang='lat' dir='ltr'><strong>pulo</strong></span> <span class='ocrx_word' id='word_1_168' title='bbox 291 2433 465 2498; x_wconf 81' lang='lat' dir='ltr'><strong>factitatum</strong></span> <span class='ocrx_word' id='word_1_169' title='bbox 484 2443 540 2496; x_wconf 90' lang='lat' dir='ltr'><strong>est.</strong></span> <span class='ocrx_word' id='word_1_170' title='bbox 564 2444 596 2496; x_wconf 92' lang='lat' dir='ltr'><strong>at</strong></span> <span class='ocrx_word' id='word_1_171' title='bbox 613 2448 685 2496; x_wconf 85' lang='lat' dir='ltr'><strong>eum</strong></span> <span class='ocrx_word' id='word_1_172' title='bbox 704 2430 881 2497; x_wconf 87' lang='lat' dir='ltr'><strong>Senonibus</strong></span> <span class='ocrx_word' id='word_1_173' title='bbox 899 2431 1125 2518; x_wconf 81' lang='lat' dir='ltr'><strong>pugnavimus:</strong></span> <span class='ocrx_word' id='word_1_174' title='bbox 1145 2434 1230 2498; x_wconf 92' lang='lat' dir='ltr'><strong>scili-</strong></span> 
     </span>
     <span class='ocr_line' id='line_1_24' title="bbox 200 2526 1229 2610; baseline -0.001 -18"><span class='ocrx_word' id='word_1_175' title='bbox 200 2540 250 2592; x_wconf 90' lang='lat' dir='ltr'><strong>eet</strong></span> <span class='ocrx_word' id='word_1_176' title='bbox 267 2526 376 2592; x_wconf 86' lang='lat' dir='ltr'><strong>Volsci</strong></span> <span class='ocrx_word' id='word_1_177' title='bbox 399 2536 429 2591; x_wconf 88' lang='lat' dir='ltr'><strong>et</strong></span> <span class='ocrx_word' id='word_1_178' title='bbox 446 2526 551 2610; x_wconf 89' lang='lat' dir='ltr'><strong>Aequi</strong></span> <span class='ocrx_word' id='word_1_179' title='bbox 574 2549 744 2609; x_wconf 88' lang='lat' dir='ltr'><strong>numquam</strong></span> <span class='ocrx_word' id='word_1_180' title='bbox 766 2527 930 2591; x_wconf 87' lang='lat' dir='ltr'><strong>adversam</strong></span> <span class='ocrx_word' id='word_1_181' title='bbox 946 2526 1037 2591; x_wconf 90' lang='lat' dir='ltr'><strong>nobis</strong></span> <span class='ocrx_word' id='word_1_182' title='bbox 1048 2527 1163 2591; x_wconf 87' lang='lat' dir='ltr'><strong>aciem</strong></span> <span class='ocrx_word' id='word_1_183' title='bbox 1180 2527 1229 2592; x_wconf 85' lang='lat' dir='ltr'><strong>in-</strong></span> 
     </span>
     <span class='ocr_line' id='line_1_25' title="bbox 200 2619 1230 2706; baseline 0 -20"><span class='ocrx_word' id='word_1_184' title='bbox 200 2631 350 2686; x_wconf 82' lang='lat' dir='ltr'><strong>struxere.</strong></span> <span class='ocrx_word' id='word_1_185' title='bbox 374 2622 456 2706; x_wconf 89' lang='lat' dir='ltr'><strong>capti</strong></span> <span class='ocrx_word' id='word_1_186' title='bbox 474 2644 494 2684; x_wconf 89' lang='lat' dir='ltr'><strong>a</strong></span> <span class='ocrx_word' id='word_1_187' title='bbox 512 2619 612 2685; x_wconf 86' lang='lat' dir='ltr'><strong>Gallis</strong></span> <span class='ocrx_word' id='word_1_188' title='bbox 631 2643 753 2684; x_wconf 90' lang='lat' dir='ltr'><strong>sumus:</strong></span> <span class='ocrx_word' id='word_1_189' title='bbox 772 2621 828 2684; x_wconf 89' lang='lat' dir='ltr'><strong>sed</strong></span> <span class='ocrx_word' id='word_1_190' title='bbox 846 2630 877 2685; x_wconf 92' lang='lat' dir='ltr'><strong>et</strong></span> <span class='ocrx_word' id='word_1_191' title='bbox 894 2620 1009 2687; x_wconf 83' lang='lat' dir='ltr'><strong>Tuscia</strong></span> <span class='ocrx_word' id='word_1_192' title='bbox 1025 2619 1155 2686; x_wconf 90' lang='lat' dir='ltr'><strong>obsides</strong></span> <span class='ocrx_word' id='word_1_193' title='bbox 1174 2622 1230 2686; x_wconf 90' lang='lat' dir='ltr'><strong>de-</strong></span> 
     </span>
     <span class='ocr_line' id='line_1_26' title="bbox 199 2713 1230 2799; baseline 0.002 -21"><span class='ocrx_word' id='word_1_194' title='bbox 199 2714 303 2778; x_wconf 88' lang='lat' dir='ltr'><strong>dimus</strong></span> <span class='ocrx_word' id='word_1_195' title='bbox 321 2723 352 2778; x_wconf 89' lang='lat' dir='ltr'><strong>et</strong></span> <span class='ocrx_word' id='word_1_196' title='bbox 371 2713 560 2779; x_wconf 89' lang='lat' dir='ltr'><strong>Samnitium</strong></span> <span class='ocrx_word' id='word_1_197' title='bbox 577 2714 685 2799; x_wconf 85' lang='lat' dir='ltr'><strong>iugum</strong></span> <span class='ocrx_word' id='word_1_198' title='bbox 705 2713 866 2778; x_wconf 90' lang='lat' dir='ltr'><strong>subiimus.</strong></span> <span class='ocrx_word' id='word_1_199' title='bbox 890 2736 927 2779; x_wconf 90' lang='lat' dir='ltr'><strong>ac</strong></span> <span class='ocrx_word' id='word_1_200' title='bbox 945 2724 1049 2779; x_wconf 89' lang='lat' dir='ltr'><strong>tamen</strong></span> <span class='ocrx_word' id='word_1_201' title='bbox 1067 2715 1230 2780; x_wconf 71' lang='lat' dir='ltr'><strong>si’cuncta</strong></span> 
     </span>
     <span class='ocr_line' id='line_1_27' title="bbox 200 2804 1229 2892; baseline 0.004 -22"><span class='ocrx_word' id='word_1_202' title='bbox 200 2806 282 2870; x_wconf 90' lang='lat' dir='ltr'><strong>bella</strong></span> <span class='ocrx_word' id='word_1_203' title='bbox 290 2828 464 2883; x_wconf 89' lang='lat' dir='ltr'><strong>recenseas,</strong></span> <span class='ocrx_word' id='word_1_204' title='bbox 479 2808 598 2870; x_wconf 91' lang='lat' dir='ltr'><strong>nullum</strong></span> <span class='ocrx_word' id='word_1_205' title='bbox 614 2807 754 2872; x_wconf 87' lang='lat' dir='ltr'><strong>breviore</strong></span> <span class='ocrx_word' id='word_1_206' title='bbox 767 2808 868 2892; x_wconf 87' lang='lat' dir='ltr'><strong>spatio</strong></span> <span class='ocrx_word' id='word_1_207' title='bbox 881 2804 975 2891; x_wconf 68' lang='lat' dir='ltr'><strong>quam</strong></span> <span class='ocrx_word' id='word_1_208' title='bbox 984 2808 1139 2875; x_wconf 89' lang='lat' dir='ltr'><strong>adversus</strong></span> <span class='ocrx_word' id='word_1_209' title='bbox 1150 2807 1229 2874; x_wconf 87' lang='lat' dir='ltr'><strong>Gal-</strong></span> 
     </span>
     <span class='ocr_line' id='line_1_28' title="bbox 198 2900 1226 2988; baseline 0.003 -23"><span class='ocrx_word' id='word_1_210' title='bbox 198 2901 247 2965; x_wconf 92' lang='lat' dir='ltr'><strong>los</strong></span> <span class='ocrx_word' id='word_1_211' title='bbox 269 2900 461 2978; x_wconf 86' lang='lat' dir='ltr'><strong>confeetum;</strong></span> <span class='ocrx_word' id='word_1_212' title='bbox 484 2903 630 2966; x_wconf 88' lang='lat' dir='ltr'><strong>continua</strong></span> <span class='ocrx_word' id='word_1_213' title='bbox 651 2903 724 2967; x_wconf 84' lang='lat' dir='ltr'><strong>inde</strong></span> <span class='ocrx_word' id='word_1_214' title='bbox 746 2925 783 2966; x_wconf 89' lang='lat' dir='ltr'><strong>ao</strong></span> <span class='ocrx_word' id='word_1_215' title='bbox 804 2903 868 2967; x_wconf 89' lang='lat' dir='ltr'><strong>fida</strong></span> <span class='ocrx_word' id='word_1_216' title='bbox 888 2925 960 2988; x_wconf 85' lang='lat' dir='ltr'><strong>pax.</strong></span> <span class='ocrx_word' id='word_1_217' title='bbox 987 2903 1051 2967; x_wconf 91' lang='lat' dir='ltr'><strong>iam</strong></span> <span class='ocrx_word' id='word_1_218' title='bbox 1070 2903 1226 2982; x_wconf 91' lang='lat' dir='ltr'><strong>moribus,</strong></span> 
     </span>
     <span class='ocr_line' id='line_1_29' title="bbox 199 2994 1228 3082; baseline 0.005 -24"><span class='ocrx_word' id='word_1_219' title='bbox 199 2994 327 3071; x_wconf 90' lang='lat' dir='ltr'><strong>artibus,</strong></span> <span class='ocrx_word' id='word_1_220' title='bbox 346 2994 551 3060; x_wconf 81' lang='lat' dir='ltr'><strong>affinitatibus</strong></span> <span class='ocrx_word' id='word_1_221' title='bbox 565 2997 678 3062; x_wconf 90' lang='lat' dir='ltr'><strong>nostris</strong></span> <span class='ocrx_word' id='word_1_222' title='bbox 697 2997 795 3074; x_wconf 84' lang='lat' dir='ltr'><strong>mixti,</strong></span> <span class='ocrx_word' id='word_1_223' title='bbox 814 3020 924 3061; x_wconf 89' lang='lat' dir='ltr'><strong>aurum</strong></span> <span class='ocrx_word' id='word_1_224' title='bbox 942 3007 973 3061; x_wconf 90' lang='lat' dir='ltr'><strong>et</strong></span> <span class='ocrx_word' id='word_1_225' title='bbox 989 3019 1066 3082; x_wconf 88' lang='lat' dir='ltr'><strong>opes</strong></span> <span class='ocrx_word' id='word_1_226' title='bbox 1084 3021 1163 3067; x_wconf 89' lang='lat' dir='ltr'><strong>suas</strong></span> <span class='ocrx_word' id='word_1_227' title='bbox 1179 3000 1228 3063; x_wconf 89' lang='lat' dir='ltr'><strong>in-</strong></span> 
     </span>
     <span class='ocr_line' id='line_1_30' title="bbox 198 3082 1228 3175; baseline 0.005 -24"><span class='ocrx_word' id='word_1_228' title='bbox 198 3089 300 3152; x_wconf 86' lang='lat' dir='ltr'><strong>serant</strong></span> <span class='ocrx_word' id='word_1_229' title='bbox 317 3088 421 3173; x_wconf 91' lang='lat' dir='ltr'><strong>potius</strong></span> <span class='ocrx_word' id='word_1_230' title='bbox 443 3111 538 3172; x_wconf 90' lang='lat' dir='ltr'><strong>quam</strong></span> <span class='ocrx_word' id='word_1_231' title='bbox 562 3092 696 3175; x_wconf 86' lang='lat' dir='ltr'><strong>separati</strong></span> <span class='ocrx_word' id='word_1_232' title='bbox 714 3091 857 3156; x_wconf 88' lang='lat' dir='ltr'><strong>habeant.</strong></span> <span class='ocrx_word' id='word_1_233' title='bbox 886 3091 1003 3169; x_wconf 87' lang='lat' dir='ltr'><strong>omnia,</strong></span> <span class='ocrx_word' id='word_1_234' title='bbox 1025 3082 1132 3175; x_wconf 81' lang='lat' dir='ltr'><strong>patres</strong></span> <span class='ocrx_word' id='word_1_235' title='bbox 1151 3115 1228 3158; x_wconf 88' lang='lat' dir='ltr'><strong>con-</strong></span> 
     </span>
     <span class='ocr_line' id='line_1_31' title="bbox 199 3183 1226 3267; baseline 0.005 -20"><span class='ocrx_word' id='word_1_236' title='bbox 199 3183 319 3267; x_wconf 86' lang='lat' dir='ltr'><strong>scripti,</strong></span> <span class='ocrx_word' id='word_1_237' title='bbox 352 3205 432 3267; x_wconf 85' lang='lat' dir='ltr'><strong>quae</strong></span> <span class='ocrx_word' id='word_1_238' title='bbox 458 3205 540 3249; x_wconf 90' lang='lat' dir='ltr'><strong>nune</strong></span> <span class='ocrx_word' id='word_1_239' title='bbox 567 3186 780 3250; x_wconf 85' lang='lat' dir='ltr'><strong>vetustissima</strong></span> <span class='ocrx_word' id='word_1_240' title='bbox 805 3187 986 3263; x_wconf 89' lang='lat' dir='ltr'><strong>ereduntur,</strong></span> <span class='ocrx_word' id='word_1_241' title='bbox 1012 3207 1095 3251; x_wconf 86' lang='lat' dir='ltr'><strong>nova</strong></span> <span class='ocrx_word' id='word_1_242' title='bbox 1120 3187 1226 3252; x_wconf 85' lang='lat' dir='ltr'><strong>fuere:</strong></span> 
     </span>
     <span class='ocr_line' id='line_1_32' title="bbox 197 3277 1225 3366; baseline 0.006 -25"><span class='ocrx_word' id='word_1_243' title='bbox 197 3277 312 3363; x_wconf 92' lang='lat' dir='ltr'><strong>plebeii</strong></span> <span class='ocrx_word' id='word_1_244' title='bbox 338 3278 540 3363; x_wconf 85' lang='lat' dir='ltr'><strong>magistratus</strong></span> <span class='ocrx_word' id='word_1_245' title='bbox 567 3289 640 3364; x_wconf 90' lang='lat' dir='ltr'><strong>post</strong></span> <span class='ocrx_word' id='word_1_246' title='bbox 661 3281 821 3364; x_wconf 91' lang='lat' dir='ltr'><strong>patricios,</strong></span> <span class='ocrx_word' id='word_1_247' title='bbox 847 3280 956 3344; x_wconf 80' lang='lat' dir='ltr'><strong>Latini</strong></span> <span class='ocrx_word' id='word_1_248' title='bbox 977 3288 1050 3365; x_wconf 89' lang='lat' dir='ltr'><strong>post</strong></span> <span class='ocrx_word' id='word_1_249' title='bbox 1070 3281 1225 3366; x_wconf 88' lang='lat' dir='ltr'><strong>plebeios,</strong></span> 
     </span>
     <span class='ocr_line' id='line_1_33' title="bbox 198 3372 1227 3459; baseline 0.006 -24"><span class='ocrx_word' id='word_1_250' title='bbox 198 3381 370 3436; x_wconf 89' lang='lat' dir='ltr'><strong>ceterarum</strong></span> <span class='ocrx_word' id='word_1_251' title='bbox 388 3372 498 3436; x_wconf 88' lang='lat' dir='ltr'><strong>Italiae</strong></span> <span class='ocrx_word' id='word_1_252' title='bbox 519 3374 659 3458; x_wconf 82' lang='lat' dir='ltr'><strong>gentium</strong></span> <span class='ocrx_word' id='word_1_253' title='bbox 682 3383 754 3459; x_wconf 89' lang='lat' dir='ltr'><strong>post</strong></span> <span class='ocrx_word' id='word_1_254' title='bbox 771 3375 918 3439; x_wconf 87' lang='lat' dir='ltr'><strong>Latinos:</strong></span> <span class='ocrx_word' id='word_1_255' title='bbox 940 3375 1147 3440; x_wconf 88' lang='lat' dir='ltr'><strong>inveterascet</strong></span> <span class='ocrx_word' id='word_1_256' title='bbox 1164 3376 1227 3441; x_wconf 89' lang='lat' dir='ltr'><strong>hoc</strong></span> 
     </span>
     <span class='ocr_line' id='line_1_34' title="bbox 198 3467 1224 3553; baseline 0.007 -24"><span class='ocrx_word' id='word_1_257' title='bbox 198 3487 336 3549; x_wconf 83' lang='lat' dir='ltr'><strong>quoque3</strong></span> <span class='ocrx_word' id='word_1_258' title='bbox 350 3476 382 3529; x_wconf 88' lang='lat' dir='ltr'><strong>et</strong></span> <span class='ocrx_word' id='word_1_259' title='bbox 390 3467 475 3548; x_wconf 83' lang='lat' dir='ltr'><strong>quod</strong></span> <span class='ocrx_word' id='word_1_260' title='bbox 485 3467 576 3531; x_wconf 93' lang='lat' dir='ltr'><strong>hodie</strong></span> <span class='ocrx_word' id='word_1_261' title='bbox 586 3469 737 3552; x_wconf 87' lang='lat' dir='ltr'><strong>exemplis</strong></span> <span class='ocrx_word' id='word_1_262' title='bbox 748 3477 879 3545; x_wconf 90' lang='lat' dir='ltr'><strong>tuemur,</strong></span> <span class='ocrx_word' id='word_1_263' title='bbox 892 3468 973 3532; x_wconf 88' lang='lat' dir='ltr'><strong>inter</strong></span> <span class='ocrx_word' id='word_1_264' title='bbox 981 3469 1125 3553; x_wconf 84' lang='lat' dir='ltr'><strong>exempla</strong></span> <span class='ocrx_word' id='word_1_265' title='bbox 1135 3472 1224 3536; x_wconf 86' lang='lat' dir='ltr'><strong>erit“</strong></span> 
     </span>
     <span class='ocr_line' id='line_1_35' title="bbox 147 3557 1225 3646; baseline 0.006 -22"><span class='ocrx_word' id='word_1_266' title='bbox 147 3579 179 3624; x_wconf 73' lang='lat' dir='ltr'><strong>aa</strong></span> <span class='ocrx_word' id='word_1_267' title='bbox 264 3557 448 3624; x_wconf 90' lang='lat' dir='ltr'><strong>Orationem</strong></span> <span class='ocrx_word' id='word_1_268' title='bbox 457 3561 605 3645; x_wconf 87' lang='lat' dir='ltr'><strong>principis</strong></span> <span class='ocrx_word' id='word_1_269' title='bbox 616 3570 722 3626; x_wconf 89' lang='lat' dir='ltr'><strong>secuto</strong></span> <span class='ocrx_word' id='word_1_270' title='bbox 731 3571 854 3646; x_wconf 89' lang='lat' dir='ltr'><strong>patrum</strong></span> <span class='ocrx_word' id='word_1_271' title='bbox 864 3561 1006 3626; x_wconf 91' lang='lat' dir='ltr'><strong>consulto</strong></span> <span class='ocrx_word' id='word_1_272' title='bbox 1013 3563 1108 3646; x_wconf 89' lang='lat' dir='ltr'><strong>primi</strong></span> <span class='ocrx_word' id='word_1_273' title='bbox 1117 3562 1225 3630; x_wconf 91' lang='lat' dir='ltr'><strong>Aedui</strong></span> 
     </span>
     <span class='ocr_line' id='line_1_36' title="bbox 198 3657 1225 3743; baseline 0.002 -22"><span class='ocrx_word' id='word_1_274' title='bbox 198 3668 376 3722; x_wconf 88' lang='lat' dir='ltr'><strong>senatorum</strong></span> <span class='ocrx_word' id='word_1_275' title='bbox 394 3659 426 3720; x_wconf 93' lang='lat' dir='ltr'><strong>in</strong></span> <span class='ocrx_word' id='word_1_276' title='bbox 443 3657 520 3723; x_wconf 88' lang='lat' dir='ltr'><strong>urbe</strong></span> <span class='ocrx_word' id='word_1_277' title='bbox 538 3659 587 3723; x_wconf 92' lang='lat' dir='ltr'><strong>ius</strong></span> <span class='ocrx_word' id='word_1_278' title='bbox 606 3659 710 3743; x_wconf 89' lang='lat' dir='ltr'><strong>adepti</strong></span> <span class='ocrx_word' id='word_1_279' title='bbox 728 3668 813 3735; x_wconf 86' lang='lat' dir='ltr'><strong>sunt3</strong></span> <span class='ocrx_word' id='word_1_280' title='bbox 833 3657 940 3721; x_wconf 88' lang='lat' dir='ltr'><strong>datum</strong></span> <span class='ocrx_word' id='word_1_281' title='bbox 956 3657 990 3721; x_wconf 91' lang='lat' dir='ltr'><strong>id</strong></span> <span class='ocrx_word' id='word_1_282' title='bbox 1006 3657 1127 3722; x_wconf 83' lang='lat' dir='ltr'><strong>foederi</strong></span> <span class='ocrx_word' id='word_1_283' title='bbox 1145 3660 1225 3724; x_wconf 88' lang='lat' dir='ltr'><strong>anti-</strong></span> 
     </span>
     <span class='ocr_line' id='line_1_37' title="bbox 197 3750 1224 3838; baseline 0.003 -24"><span class='ocrx_word' id='word_1_284' title='bbox 197 3773 269 3835; x_wconf 90' lang='lat' dir='ltr'><strong>quo,</strong></span> <span class='ocrx_word' id='word_1_285' title='bbox 288 3762 320 3816; x_wconf 91' lang='lat' dir='ltr'><strong>et</strong></span> <span class='ocrx_word' id='word_1_286' title='bbox 337 3752 411 3835; x_wconf 91' lang='lat' dir='ltr'><strong>quia</strong></span> <span class='ocrx_word' id='word_1_287' title='bbox 424 3753 482 3816; x_wconf 92' lang='lat' dir='ltr'><strong>soli</strong></span> <span class='ocrx_word' id='word_1_288' title='bbox 497 3750 659 3817; x_wconf 88' lang='lat' dir='ltr'><strong>Gallorum</strong></span> <span class='ocrx_word' id='word_1_289' title='bbox 674 3753 874 3817; x_wconf 80' lang='lat' dir='ltr'><strong>fraternitatis</strong></span> <span class='ocrx_word' id='word_1_290' title='bbox 888 3756 1088 3817; x_wconf 84' lang='lat' dir='ltr'><strong>nemeaeum</strong></span> <span class='ocrx_word' id='word_1_291' title='bbox 1105 3753 1224 3838; x_wconf 92' lang='lat' dir='ltr'><strong>populo</strong></span> 
     </span>
     <span class='ocr_line' id='line_1_38' title="bbox 197 3844 522 3930; baseline 0.006 -22"><span class='ocrx_word' id='word_1_292' title='bbox 197 3844 341 3909; x_wconf 84' lang='lat' dir='ltr'><strong>Romano</strong></span> <span class='ocrx_word' id='word_1_293' title='bbox 361 3855 522 3930; x_wconf 87' lang='lat' dir='ltr'><strong>usurpant.</strong></span> 
     </span>
     <span class='ocr_line' id='line_1_39' title="bbox 242 3939 1224 4028; baseline 0.005 -26"><span class='ocrx_word' id='word_1_294' title='bbox 242 3939 368 4003; x_wconf 79' lang='lat' dir='ltr'><strong>&#39;Isde&#39;m</strong></span> <span class='ocrx_word' id='word_1_295' title='bbox 386 3940 496 4005; x_wconf 91' lang='lat' dir='ltr'><strong>diebus</strong></span> <span class='ocrx_word' id='word_1_296' title='bbox 514 3942 547 4004; x_wconf 90' lang='lat' dir='ltr'><strong>in</strong></span> <span class='ocrx_word' id='word_1_297' title='bbox 569 3964 732 4006; x_wconf 88' lang='lat' dir='ltr'><strong>numerum</strong></span> <span class='ocrx_word' id='word_1_298' title='bbox 754 3943 953 4028; x_wconf 89' lang='lat' dir='ltr'><strong>patriciorum</strong></span> <span class='ocrx_word' id='word_1_299' title='bbox 972 3942 1083 4008; x_wconf 86' lang='lat' dir='ltr'><strong>aseivit</strong></span> <span class='ocrx_word' id='word_1_300' title='bbox 1101 3940 1224 4008; x_wconf 87' lang='lat' dir='ltr'><strong>Caesar</strong></span> 
     </span>
     <span class='ocr_line' id='line_1_40' title="bbox 198 4032 1223 4122; baseline 0.007 -29"><span class='ocrx_word' id='word_1_301' title='bbox 198 4032 445 4098; x_wconf 88' lang='lat' dir='ltr'><strong>vetustissimum</strong></span> <span class='ocrx_word' id='word_1_302' title='bbox 467 4055 622 4119; x_wconf 90' lang='lat' dir='ltr'><strong>quemque</strong></span> <span class='ocrx_word' id='word_1_303' title='bbox 638 4059 657 4100; x_wconf 93' lang='lat' dir='ltr'><strong>e</strong></span> <span class='ocrx_word' id='word_1_304' title='bbox 676 4046 786 4101; x_wconf 88' lang='lat' dir='ltr'><strong>senatu</strong></span> <span class='ocrx_word' id='word_1_305' title='bbox 809 4047 863 4101; x_wconf 90' lang='lat' dir='ltr'><strong>aut</strong></span> <span class='ocrx_word' id='word_1_306' title='bbox 884 4036 998 4121; x_wconf 93' lang='lat' dir='ltr'><strong>quibus</strong></span> <span class='ocrx_word' id='word_1_307' title='bbox 1017 4035 1093 4100; x_wconf 90' lang='lat' dir='ltr'><strong>clari</strong></span> <span class='ocrx_word' id='word_1_308' title='bbox 1111 4059 1223 4122; x_wconf 88' lang='lat' dir='ltr'><strong>paron·</strong></span> 
     </span>
     <span class='ocr_line' id='line_1_41' title="bbox 152 4122 1223 4214; baseline 0.011 -29"><span class='ocrx_word' id='word_1_309' title='bbox 152 4145 155 4151; x_wconf 94' lang='lat'><em>·</em></span> <span class='ocrx_word' id='word_1_310' title='bbox 197 4132 244 4188; x_wconf 87' lang='lat' dir='ltr'><strong>tes</strong></span> <span class='ocrx_word' id='word_1_311' title='bbox 262 4122 395 4202; x_wconf 82' lang='lat' dir='ltr'><strong>fuerant,</strong></span> <span class='ocrx_word' id='word_1_312' title='bbox 412 4127 521 4210; x_wconf 86' lang='lat' dir='ltr'><strong>paucis</strong></span> <span class='ocrx_word' id='word_1_313' title='bbox 540 4129 601 4192; x_wconf 88' lang='lat' dir='ltr'><strong>iam</strong></span> <span class='ocrx_word' id='word_1_314' title='bbox 619 4129 745 4213; x_wconf 87' lang='lat' dir='ltr'><strong>reliquis</strong></span> <span class='ocrx_word' id='word_1_315' title='bbox 763 4129 952 4195; x_wconf 82' lang='lat' dir='ltr'><strong>familiarum</strong></span> <span class='ocrx_word' id='word_1_316' title='bbox 969 4150 1048 4214; x_wconf 89' lang='lat' dir='ltr'><strong>quas</strong></span> <span class='ocrx_word' id='word_1_317' title='bbox 1065 4130 1223 4196; x_wconf 90' lang='lat' dir='ltr'><strong>Romulus</strong></span> 
     </span>
    </p>
   </div>
   <div class='ocr_carea' id='block_1_5' title="bbox 0 0 1384 4874">
    <p class='ocr_par' dir='ltr' id='par_1_5' title="bbox 0 0 1384 4874">
     <span class='ocr_line' id='line_1_42' title="bbox 0 0 1384 4874; baseline 0 2"><span class='ocrx_word' id='word_1_318' title='bbox 0 0 1384 4874; x_wconf 95' lang='lat' dir='ltr'><strong> </strong></span> 
     </span>
    </p>
   </div>
  </div>
 </body>
</html>
