2760 4874
242 394 306 457 230
588 394 772 451 CORNELII
787 392 921 451 'rtem

1180 498 1200 526 a.
1210 499 1230 527 u.
1239 490 1280 529 set.

211 584 223 629 r
308 558 398 623 llaec
417 570 510 639 atquc
524 552 599 617 talia
611 551 823 637 vulgantibus,
840 550 929 617 licre
942 564 977 617 et
996 553 1200 619 iuventutem
1216 578 1281 640 pro-

242 656 343 719 ximas
361 674 417 737 por
435 646 609 735 provincius
626 646 801 729 quaesitam
815 645 1008 731 supplendis
1024 645 1174 713 Orientis
1191 650 1281 735 legio-

243 748 335 811 nibus
353 746 519 809 almorere
536 740 738 825 legionesque
755 739 841 826 ipses
859 740 997 825 propius
1012 740 1207 807 Armeniam
1223 742 1280 807 col-

243 841 336 905 locari
359 838 458 912 iubet,
481 836 624 917 duosque
646 846 766 897 veteres
787 854 880 919 reges
904 834 1095 920 Agrippam
1120 848 1155 900 et
1175 835 1281 901 Antio-

242 936 335 998 clmm
345 930 491 1017 expedire
504 928 621 1013 copias,
635 926 707 1011 quis
715 924 903 991 Parthorum
917 926 1003 993 fines
1019 928 1107 994 ultro
1121 930 1280 1007 intrarent3

164 1029 169 1037 ’
243 1028 335 1091 siuurl
349 1038 460 1111 pontes
474 1043 667 1108 peromnem
680 1020 865 1106 Euphraten
877 1021 969 1107 iungi
974 1046 985 1099 3
1002 1031 1038 1086 et
1051 1023 1212 1088 minorem
1224 1022 1282 1087 Ar-

244 1121 378 1185 meniam
393 1116 586 1192 Aristobulo,
605 1115 765 1201 regionem
780 1112 952 1199 Sophenen
966 1112 1141 1182 Sohaemo
1154 1139 1227 1182 cum
1239 1118 1281 1181 in·

243 1213 384 1297 signibus
405 1210 500 1293 regiis
523 1209 665 1285 maudat3
691 1218 880 1289 exortusque
900 1207 936 1271 in
961 1216 1115 1294 tempore
1143 1210 1280 1277 aemulus

245 1306 393 1389 l'ologosi
416 1306 498 1367 tilius
521 1302 693 1377 Vardanis3
719 1311 751 1365 ct
771 1300 955 1365 abscessem
976 1300 1145 1368 Armenia
1166 1303 1279 1382 Parthi,

243 1416 400 1482 tanlquam
419 1396 580 1461 differrent
597 1394 723 1460 bellum.

208 1520 224 1559 s
308 1492 373 1555 Sed
390 1490 473 1575 apud
489 1499 632 1553 senatum
649 1487 754 1552 omnia
771 1487 802 1551 in
815 1486 916 1551 maim
934 1486 1102 1554 celebrata
1121 1500 1199 1555 sunt
1216 1513 1281 1555 sen·

243 1586 347 1650 tentiis
365 1606 473 1649 eorum
495 1582 550 1666 qui
568 1580 810 1667 supplicationes
827 1590 860 1644 et
876 1578 989 1645 diebus
1008 1582 1280 1669 supplicationum

243 1694 361 1743 restem
383 1677 516 1763 principi
537 1674 769 1761 triumphalem,
797 1683 892 1758 utque
915 1696 1015 1739 ovans
1041 1676 1162 1742 urbem
1184 1678 1278 1754 iniret,

243 1774 426 1859 otligicsquo
444 1772 511 1837 cius
529 1770 596 1856 puri
610 1769 824 1855 magnitudine
841 1790 878 1834 ac
891 1768 1007 1835 Martis
1021 1770 1154 1838 Ultoris
1173 1774 1279 1838 eodem

243 1870 273 1932 iu
293 1868 409 1952 templo
423 1888 582 1941 censuere,
601 1878 723 1951 practer
736 1875 857 1929 suetam
870 1863 1089 1930 adulationem
1102 1867 1182 1931 laeti
1200 1867 1279 1951 quod

245 1962 418 2027 llomitium
437 1959 649 2025 Corbulonem
666 1958 846 2023 retinendae
859 1956 1031 2023 Armeniae
1050 1970 1278 2047 praeposuerat

243 2055 468 2137 ridebaturrpre
491 2054 578 2117 locus
602 2051 767 2118 virtutibus
789 2052 973 2138 patefactus.
1002 2054 1119 2138 copiae
1139 2053 1277 2122 Orientis

243 2151 286 2213 ita
303 2148 492 2223 dividuntur,
513 2157 547 2211 ut
565 2169 638 2231 pars
656 2147 852 2211 auxiliarium
869 2168 940 2211 cum
954 2146 1083 2212 duabus
1098 2147 1276 2235 legionibus

243 2244 326 2327 apud
344 2241 676 2327 proviru·ia1uSyriam
692 2250 724 2305 et
742 2240 880 2328 legatum
897 2240 964 2304 eius
978 2238 1188 2322 Quadratum
1201 2241 1277 2307 Um·

243 2336 373 2399 milium
390 2345 572 2410 remaneret,
591 2357 648 2419 par
665 2334 780 2398 civium
794 2333 1012 2415 sociorumque
1026 2355 1185 2401 numerus
1202 2334 1277 2401 Car·

244 2430 350 2493 buloui
369 2441 451 2492 essct
469 2428 582 2492 additis
606 2427 784 2491 cohortibus
803 2427 922 2510 alisque
939 2447 1022 2509 quae
1040 2433 1133 2513 apud
1151 2428 1276 2515 Cappa·

243 2524 363 2587 dociam
389 2522 582 2599 hicnmbant3
610 2522 686 2586 socii
711 2543 817 2607 reges,
844 2528 937 2605 prout
962 2519 1046 2586 bello
1073 2524 1275 2600 conduceret,

243 2640 351 2701 parcre
369 2617 460 2692 iussi:
480 2617 536 2679 sed
555 2616 658 2679 studia
676 2637 782 2679 eorum
800 2615 833 2679 in
846 2613 1060 2680 Corbulonem
1078 2619 1276 2704 promptiora

243 2721 339 2773 orant.
367 2712 421 2794 qui
439 2722 473 2773 ut
494 2709 597 2772 famae
619 2712 758 2783 iuratores,
781 2709 917 2791 quaein
937 2709 1029 2774 novis
1052 2712 1178 2796 coeptis
1202 2712 1276 2777 vali-

243 2806 373 2869 dissima
391 2816 451 2880 est,
475 2804 583 2867 itincre
601 2825 732 2888 propere
750 2804 907 2880 consecto,
926 2803 1010 2888 apud
1028 2802 1179 2891 Aegeas,
1203 2807 1275 2871 ciri-

243 2910 338 2963 tatem
358 2898 500 2974 Ciliciae,
523 2897 651 2962 obvium
669 2897 866 2980 Quadratum
887 2897 1010 2975 habuit,
1033 2897 1112 2963 illuc
1131 2923 1275 2987 progres-

243 3018 323 3071 sum,
342 3017 390 3070 ne,
411 2993 438 3057 si
455 2993 496 3056 ad
514 2992 710 3077 accipiendas
728 2992 835 3078 copias
850 2990 975 3078 Syriam
992 2992 1180 3060 intravisset
1198 2994 1274 3060 Cor-

244 3087 330 3164 bulo,
354 3088 494 3152 omnium
516 3109 571 3151 ora
587 3087 620 3150 in
638 3109 672 3150 so
695 3095 841 3164 verteret,
866 3107 993 3172 corpore
1014 3086 1147 3172 ingens,
1171 3087 1273 3153 verbis

243 3181 416 3266 magnificis
427 3190 457 3244 ct
467 3203 561 3266 super
574 3181 795 3265 experientiam
806 3180 1052 3265 sapientiamque
1063 3180 1162 3246 etiarn
1172 3181 1272 3267 specie

242 3274 380 3338 inanium
399 3274 530 3338 validus.

210 3388 224 3433 e
308 3367 456 3431 Ceterum
478 3377 608 3449 uterque
631 3367 672 3430 ad
689 3366 871 3452 Vologesen
892 3387 999 3451 regom
1021 3366 1142 3431 nuntiis
1166 3388 1271 3431 mone-

242 3459 331 3524 bant:
354 3483 464 3544 paccm
482 3482 577 3543 quam
594 3459 712 3525 bellum
729 3460 836 3524 mallet
853 3460 996 3541 datisque
1014 3457 1183 3525 obsidibus
1201 3459 1271 3523 soli-

243 3565 306 3618 tam
328 3555 483 3639 prioribus
509 3555 714 3618 reverentiam
740 3554 773 3617 in
798 3553 949 3639 populum
970 3552 1153 3616 Romanum
1176 3552 1271 3617 eonti-

242 3657 360 3712 nuaret.
392 3658 423 3711 et
445 3647 634 3733 Vologeses,
662 3670 725 3730 quo
748 3648 865 3712 bellum
887 3669 928 3711 ex
949 3647 1116 3711 commode
1137 3654 1268 3732 pararet,

243 3765 283 3805 an
300 3751 335 3806 ut
352 3742 567 3806 aemulationis
586 3752 748 3828 suspectos
771 3764 828 3827 per
845 3763 958 3807 nomen
980 3739 1129 3805 obsidum
1147 3762 1270 3806 amove-

242 3847 302 3911 ret,
326 3836 420 3899 tradit
441 3835 652 3900 nobilissimos
676 3857 715 3900 ex
737 3836 856 3901 semilis
873 3834 1112 3910 Arsacidarum,
1137 3834 1269 3919 accepit-

242 3947 303 4007 que
317 3950 371 3992 eos
385 3930 524 3993 centurio
537 3930 674 3995 Insteius
693 3929 733 3994 ab
748 3930 911 3995 Ummidio
924 3929 1049 4003 missus,
1069 3928 1151 3992 forte
1168 3929 1268 4013 priore

243 4019 281 4081 de
300 4043 394 4085 causa
411 4024 494 4087 adito
513 4046 595 4108 rege.
623 4025 708 4107 quod
725 4035 892 4108 postquam
912 4022 1085 4088 Corbuloni
1108 4023 1267 4108 cognitum

243 4121 304 4186 cst,
326 4113 371 4176 ire
388 4114 580 4196 praefectum
603 4118 737 4182 cohortis
756 4117 885 4181 Arrium
903 4117 1025 4181 Varum
1042 4123 1074 4178 ct
1094 4116 1267 4199 reciperare

243 4202 367 4270 obsides
385 4206 484 4271 iubet:
503 4207 575 4273 hinc
589 4219 691 4275 ortum
703 4212 783 4275 inter
796 4210 988 4296 praefectum
1007 4219 1038 4273 et
1055 4208 1266 4273 centurionem
