2760 4874
144 383 205 448 112
493 388 815 463 coaunnnmcmr

1056 489 1076 518 ιι.
1087 491 1108 520 ιι.
1119 482 1163 524 775.

139 551 289 638 Augusto
312 548 481 613 constituta
504 545 579 610 satis
603 546 808 611 ostendebant
833 569 969 610 annuam
991 536 1166 613 absentiam

139 656 171 710 et
192 642 423 731 provinciarum
445 641 743 704 administrationem
765 639 913 704 Dialibus
935 662 998 704 non
1020 643 1164 719 concedi3

140 735 570 819 memorabaturqueLm
499 734 556 798 Me
558 733 631 811 t,elli
649 735 804 819 pontificis
819 734 956 811 maximi,
976 735 1164 820 exemplum,

139 833 194 918 qui
224 830 344 896 Aulum
375 829 453 894 Post
442 829 574 893 tumium
608 829 828 893 flaminemt
796 829 981 893 attinuisset.
1022 829 1066 893 ita
1097 853 1164 895 sors

139 925 260 992 Asiae
252 949 285 989 rn
299 947 380 1001 eum,
395 946 461 1027 qm
439 922 672 1031 consularium
686 921 901 1010 Maluginensi
912 922 1073 1007 proximus
1088 933 1163 1000 erat,

108 1040 114 1047 ·
139 1020 271 1086 conlata.

89 1137 119 1185 ιι
202 1114 310 1178 Isdem
332 1104 442 1176 diebus
460 1111 605 1197 Lepidus
628 1110 668 1175 ab
687 1118 797 1174 senatu
818 1131 858 1195 pe
860 1109 929 1173 tivit
946 1118 981 1172 ut
968 1109 1164 1174 tbasilicam

137 1207 246 1284 Pauli,
267 1204 405 1270 Aemilia
426 1205 630 1281 monimenta,
656 1202 782 1289 propria
802 1203 936 1288 pecunia
957 1203 1093 1268 firmaret
1115 1226 1164 1268 or-

138 1311 297 1384 naretque.
329 1307 395 1363 erat
417 1299 511 1363 etiam
532 1308 600 1362 tum
621 1299 654 1361 in
675 1319 761 1362 more
786 1295 913 1382 publica
938 1297 1163 1374 munificentia3

138 1417 196 1460 nec
213 1393 381 1479 Augustus
399 1401 541 1456 arcuerat
559 1391 712 1468 Taurum,
734 1390 930 1477 Philippum,
953 1391 1090 1456 Balbum
1108 1392 1164 1456 ho-

139 1489 225 1553 stiles
247 1486 376 1552 exuvias
399 1495 454 1549 aut
479 1485 671 1550 exundantis
688 1506 764 1570 opes
791 1494 935 1549 omatum
957 1485 998 1548 ad
1023 1484 1110 1550 urbis
1133 1494 1164 1549 et

137 1591 297 1669 posterum
323 1579 455 1666 gloriam
481 1579 635 1643 conferre:
663 1601 725 1662 quo
752 1587 819 1642 tum
844 1579 988 1663 exemplo
1008 1580 1162 1665 Lepidus,

138 1697 333 1759 quamquam-
349 1672 500 1759 pecuniae
522 1673 678 1750 modicus,
701 1672 820 1737 avitum
842 1671 938 1737 decus
959 1672 1099 1738 recoluit.
1131 1683 1163 1737 at

137 1769 270 1854 Pompei
287 1769 441 1833 theatrum
458 1767 531 1853 igne
553 1767 681 1832 fortuito
704 1763 851 1832 haustum
870 1765 989 1832 Caesar
1006 1776 1164 1831 extructu-

137 1887 207 1928 rum
228 1863 384 1949 pollicitus
407 1871 468 1940 est,
496 1884 533 1926 eo
555 1860 641 1945 quod
661 1884 754 1926 nemo
777 1883 794 1926 e
816 1860 935 1926 familia
960 1862 1163 1926 restaurando

138 1958 305 2035 sufficeret,
323 1966 468 2022 manente
482 1967 587 2023 tamen
602 1957 728 2022 nomine
743 1957 883 2042 Pompei.
907 1956 1000 2021 simul
1017 1957 1162 2022 laudibus

139 2051 291 2118 Seianum
308 2051 432 2128 extulit,
451 2060 610 2134 tamquam
627 2051 733 2117 labore
751 2050 973 2137 vigilantiaque
991 2051 1058 2116 eius
1077 2059 1163 2115 tanta

138 2146 186 2211 vis
204 2167 302 2209 unum
319 2145 400 2209 intra
417 2144 566 2208 damnum
584 2145 734 2224 stetisset3
758 2154 789 2208 et
806 2166 955 2209 censuere
971 2153 1076 2230 patres
1095 2145 1164 2209 effi-

137 2240 221 2329 giem
241 2237 370 2316 Seiano,
391 2260 474 2322 quae
492 2240 576 2325 apud
593 2239 749 2307 theatrum
764 2238 898 2323 Pompei
918 2239 1081 2304 locaretur.
1108 2262 1163 2303 ne-

137 2356 199 2418 que
221 2333 319 2399 multo
344 2343 417 2418 post
437 2332 572 2411 Caesar,
600 2347 679 2399 cum*
693 2333 819 2397 Iunium
841 2333 1005 2418 Blaesum,
1032 2355 1163 2419 procon-

138 2426 238 2495 sulem
254 2425 408 2503 Africae,
422 2427 571 2512 triumphi
591 2426 767 2514 insignibus
791 2423 1055 2509 attolleret‚gdare
1077 2428 1110 2491 id
1129 2449 1163 2491 se

137 2520 216 2585 dixit
236 2520 347 2585 honori
369 2518 490 2598 Seiani,
514 2522 603 2587 cuius
625 2521 677 2586 ille
698 2520 873 2651 avunw
896 2529 975 2585 erat:
998 2544 1035 2586 ac
1058 2531 1163 2586 tamen

136 2636 187 2680 res
204 2615 312 2680 Blaesi
330 2615 443 2700 dignae
461 2615 573 2680 decore
591 2615 645 2680 tali
662 2615 759 2680 fuere.

88 2727 118 2775 ra
200 2707 283 2771 Nam
304 2707 502 2784 Tacfarinas,
526 2730 718 2791 quamquam
739 2711 864 2797 saepius
886 2710 1050 2796 depulsus,
1073 2733 1163 2795 repa-

136 2801 211 2866 ratis
229 2823 286 2885 per
306 2801 416 2864 intima
432 2800 561 2866 Africae
583 2803 706 2868 auxiliis
728 2803 791 2869 huc
812 2805 1013 2895 adrogantiae
1035 2812 1163 2868 venerat

136 2894 309 3002 utlegatos
328 2894 369 2958 ad
381 2893 612 2962 Tiberiumt
556 2919 599 2960 mr
600 2906 690 2961 tteret
710 2899 878 2982 sedemque
891 2897 972 2962 ultro
991 2897 1100 2962 sibit
1067 2921 1087 2961 a
1087 2907 1161 2982 tque

135 2987 287 3053 exercitui
303 3010 362 3053 suo
380 2999 453 3074 post
441 2986 552 3054 tularet
569 3000 623 3055 aut
640 2991 758 3056 bellurn
770 2992 988 3078 inexplicabile
1005 2992 1162 3058 minitare-

122 3095 204 3170 ,ι.ιιι
226 3107 291 3150 non
317 3075 393 3150 alias
417 3086 518 3172 magis
540 3108 600 3152 sua
620 3087 791 3172 populique
812 3084 948 3154 Romani
974 3087 1161 3152 contumelia

135 3178 307 3244 indoluisse
321 3178 491 3246 Caesarem
503 3180 616 3258 ferunt,
635 3203 730 3265 quam
743 3182 828 3266 quod
841 3183 980 3246 desertor
997 3191 1028 3245 et
1044 3181 1161 3266 praedo

135 3274 273 3340 bostrum
295 3296 381 3339 more
403 3284 522 3360 ageret:
545 3294 585 3340 ne
605 3267 756 3360 Spartaco
779 3277 905 3359 quidem
926 3285 999 3361 post
1019 3285 1066 3345 ,tot
1088 3297 1162 3340 con-

136 3369 286 3435 sularium
304 3368 497 3433 exercituum
514 3366 618 3434 clades
636 3370 767 3434 inultam
779 3370 905 3435 Italiam
922 3370 1042 3447 urenti,
1040 3391 1162 3453 quam-

136 3485 231 3547 quam
255 3461 439 3533 Sertoriit
407 3465 501 3547 atque
517 3461 709 3533 Mithridatis
732 3463 912 3550 ingentibus
924 3463 1020 3528 bellis
1042 3463 1162 3528 labaret

135 3581 186 3630 res
204 3549 343 3644 publica,
367 3559 475 3624 datum
492 3568 527 3625 ut
543 3568 636 3644 pacto
653 3559 686 3622 in
702 3558 797 3629 fidem
815 3559 1021 3644 acciperetur.
1044 3558 1161 3623 nedum

135 3653 344 3762 pulcherrimo
361 3652 472 3738 populi
486 3652 622 3720 Romani
633 3651 765 3739 fastigio
783 3653 862 3719 latro
880 3652 1065 3718 Tacfarinas
1082 3673 1161 3737 pace

136 3756 168 3811 et
185 3746 385 3830 concessione
399 3769 546 3833 agrorum
558 3746 770 3812 redimeretur.
793 3747 847 3812 dat
859 3748 1020 3834 negotium
1033 3736 1159 3824 Blaeso,

136 3861 172 3903 oe
173 3849 256 3906 teres
269 3840 397 3925 quidem
410 3841 451 3904 ad
464 3862 552 3926 spem
564 3841 756 3928 proliceret
737 3865 824 3906 arma
837 3842 904 3906 sine
917 3863 1000 3905 noxa
1012 3839 1159 3926 ponendi,

136 3933 234 4018 ipsius
253 3943 307 3998 aut
308 3957 358 3998 ern
375 3934 464 4001 ducis
483 3957 608 4018 quoquo
625 3936 796 4000 modot
740 3958 782 4021 po
783 3944 861 4000 teret
861 3959 913 4000 ur:
936 3944 967 3999 et
987 3934 1105 4019 recepti
1122 3956 1160 3997 ea

136 4029 227 4092 venia
251 4029 401 4114 plerique.
436 4053 514 4095 mox·
536 4031 704 4097 adversum
730 4040 813 4096 artes
834 4029 1047 4095 Tacfarinatis
1074 4027 1159 4092 haud

87 4135 119 4182 ιι
136 4120 279 4187 dissimili
292 4123 386 4190 medo
399 4123 630 4212 belligeratum3
645 4148 718 4190 nam
731 4125 804 4209 quia
817 4124 869 4189 ille
877 4122 990 4189 robore
1003 4121 1157 4187 exercitus

87 4396 181 4596 ἱ
272 4656 274 4660 ,
