2760 4874
406 412 613 470 ANNALIUM
630 414 704 469 LIB.
719 414 740 469 I.
759 417 877 470 29-32.
1111 407 1151 470 19

127 517 148 554 p.
159 502 201 544 cn.
211 505 244 542 14.

98 626 100 629 ,
126 571 188 637 bus
207 570 361 636 continuis
380 571 521 654 adeoque
540 571 641 635 saevis
658 580 695 634 ut
711 593 774 635 non
792 573 899 657 egredi
917 575 1061 652 tentoria,
1080 597 1154 641 con-

126 664 253 752 gregari
269 664 351 728 inter
369 686 412 741 se,
431 665 485 729 vix
499 665 592 728 tutari
610 665 700 750 signa
711 676 850 750 possent,
869 668 1090 752 quae‘turbine
1108 680 1154 735 at·

127 781 190 842 que
211 758 298 823 unda
319 758 530 842 raptabantur.
558 757 691 822 durabat
714 769 744 822 et
761 758 896 824 formido
919 760 1061 828 caelestis
1079 764 1152 842 irae,

126 874 185 917 neo
203 851 321 916 frustra
343 852 495 915 adversus
513 852 625 936 impios
644 851 812 916 hebescere
832 853 951 932 sidera,
969 878 1059 920 ruere
1077 866 1155 921 tem‘-

125 956 281 1032 pestates:
298 967 362 1008 non
379 945 464 1008 aliud
481 944 634 1009 malorum
651 944 861 1009 levamentum
874 969 970 1030 quam
989 949 1015 1013 si
1033 948 1155 1032 linque-

126 1049 195 1103 rent
209 1049 311 1103 castra
324 1039 462 1102 infausta
475 1047 686 1121 temerataque
700 1048 731 1103 et
744 1040 838 1103 soluti
849 1040 974 1125 piaculo
988 1042 1054 1106 suis
1069 1043 1155 1126 quis-

81 1189 86 1198 .
127 1155 189 1217 que
206 1132 345 1197 hibernis
363 1133 573 1197 redderentur.
596 1133 731 1218 primum
746 1142 865 1211 octava,
885 1134 957 1198 dein
974 1136 1083 1218 quinta
1101 1137 1154 1201 de-

127 1249 220 1291 cuma
237 1225 320 1311 legio
337 1226 469 1303 rediere3
488 1248 630 1292 nonanus
648 1226 854 1312 opperiendas
869 1227 987 1292 Tiberii
1005 1229 1153 1314 epistulas

127 1319 350 1396 clamitaverat,
369 1341 444 1383 mox
461 1318 620 1384 desolatus
634 1320 765 1385 aliorum
783 1321 973 1387 discessione
991 1324 1154 1388 imminen-

128 1424 191 1478 tem
218 1413 437 1478 necessitatem
463 1424 573 1499 sponte
599 1414 769 1499 praevenit.
802 1424 833 1478 et
858 1415 986 1481 Drusus
1011 1440 1074 1491 non
1101 1441 1154 1481 ex-

127 1517 253 1592 pectato
274 1507 448 1594 legatorum
469 1530 629 1593 regressu,
657 1509 731 1592 quia
756 1510 932 1594 praesentia
954 1511 1029 1576 satis
1052 1512 1154 1576 consi-

126 1601 251 1678 derant,
270 1601 303 1666 in
321 1600 429 1666 urbem
447 1601 547 1665 rediit.

191 1695 300 1759 Isdem
317 1694 415 1758 ferme
428 1693 539 1758 diebus
556 1694 657 1759 isdem
674 1695 778 1760 causis
794 1693 1000 1761 Germanicae
1012 1696 1152 1783 legiones
1171 1718 1200 1766 31

126 1789 284 1865 turbatae,
310 1797 427 1871 quanto
449 1789 569 1874 plures,
595 1798 681 1853 tanto
699 1788 880 1868 violentius,
908 1800 939 1855 et
960 1814 1076 1878 magna
1098 1814 1154 1877 spe

126 1883 195 1948 sore
211 1891 248 1946 ut
261 1878 468 1946 Germanicus
485 1880 604 1947 Caesar
615 1882 780 1966 imperium
795 1883 920 1948 alterius
934 1885 999 1970 pati
1012 1885 1154 1968 nequiret

126 1977 277 2058 daretque
296 1997 330 2039 se
347 1974 523 2060 legionibus
541 1975 573 2038 vi
596 1998 654 2039 sua
672 1986 785 2040 cuncta
802 1978 956 2043 tracturis.
983 1979 1047 2042 duo
1070 1978 1153 2063 apud

125 2070 228 2155 ripam
240 2069 344 2134 Rheni
361 2070 516 2134 exercitus
534 2079 635 2134 erantt
654 2070 705 2134 cui
721 2093 837 2135 nomen
855 2072 1015 2157 superiori,
1036 2071 1094 2136 sub
1114 2071 1150 2136 C.

128 2162 208 2229 Silio
220 2164 339 2250 legat03
357 2163 534 2228 inferiorem
547 2163 589 2228 A.
605 2162 742 2228 Caecina
755 2164 883 2229 curabat
888 2190 897 2243 ;
915 2166 1055 2251 regimen
1069 2188 1153 2229 sum-

126 2262 197 2324 m'ae
213 2259 259 2323 rei
272 2281 368 2343 penes
384 2256 616 2336 Germanicum,
635 2259 758 2344 agendo
773 2256 945 2323 Galliarum
960 2260 1067 2323 censui
1085 2268 1153 2322 tum

125 2353 289 2417 intentum.
313 2352 369 2416 sed
386 2351 500 2435 quibus
520 2350 617 2417 Silius
635 2351 863 2428 moderabatur,
882 2361 986 2416 mente
1005 2351 1153 2436 ambigua

126 2447 284 2511 fortunam
303 2446 463 2510 seditionis
482 2446 600 2510 alienae
620 2444 874 2530 speculabantur:
893 2445 1047 2509 inferioris
1067 2456 1154 2508 exer-

125 2543 207 2606 eitus
230 2541 320 2606 miles
341 2521 381 2604 id
395 2541 514 2606 rabiem
534 2540 700 2627 prolapsus
724 2550 785 2616 est,
812 2549 880 2604 orto
902 2539 941 2604 ab
968 2539 1153 2603 unetvicesi-

125 2635 227 2700 manis
250 2634 470 2719 quintanisque
491 2635 579 2699 initio
602 2644 633 2699 et
651 2633 767 2712 tractis,
779 2633 880 2718 prima
901 2654 1026 2716 quoque
1049 2655 1086 2696 ac
1106 2633 1153 2695 vi-

125 2729 245 2794 cesima
256 2728 447 2815 legionibus:
464 2751 539 2793 nam
556 2729 657 2793 isdem
672 2728 799 2792 aestivis
811 2728 849 2791 in
867 2727 981 2792 finibus
995 2727 1152 2792 Ubiorum

125 2823 322 2889 habebantur
337 2846 394 2908 per
411 2825 510 2889 otium
532 2832 587 2886 aut
603 2822 685 2886 levia
701 2823 817 2886 munia.
844 2821 940 2907 igitur
962 2822 1068 2886 audito
1089 2823 1151 2885 fine

125 2917 267 3004 Augusti
289 2917 456 2983 vernacula
477 2917 645 2982 multitudo
668 2939 769 3002 nuper
786 2925 855 2981 acto
872 2917 906 2979 in
928 2916 1005 2981 urbe
1027 2917 1151 2994 dilectu,

124 3013 274 3077 lasciviae
296 3020 399 3089 sueta,
425 3011 569 3077 laborum
590 3011 774 3087 intolerans,
800 3011 958 3096 impellere
980 3021 1152 3075 ceterorum

125 3104 219 3170 rudes
238 3105 371 3170 animos:
390 3106 514 3170 venisse
532 3113 655 3190 tempus
669 3127 732 3188 quo
750 3105 888 3168 veterani
904 3114 1058 3170 maturam
1076 3105 1151 3167 mis-

127 3199 261 3276 sionem,
284 3198 412 3263 iuvenes
435 3198 572 3283 largiora
593 3199 761 3284 stipendia,
786 3199 890 3262 cuncti
912 3198 1040 3262 modum
1056 3198 1151 3261 mise-

125 3293 242 3356 riarum
252 3301 455 3376 exposcerent
464 3292 686 3376 saevitiamque
696 3293 909 3356 centurionum
919 3292 1150 3356 ulciscerentur.

125 3406 191 3450 non
208 3407 290 3449 unus
307 3385 399 3462 haec,
422 3395 458 3449 ut
475 3385 673 3450 Pannonicas
692 3385 774 3449 inter
790 3385 929 3469 legiones
947 3383 1149 3458 Percennius,

125 3500 185 3542 uec
206 3479 291 3563 apud
308 3479 444 3564 trepidas
462 3479 595 3543 militum
613 3501 704 3542 aures
723 3479 800 3542 ahos
814 3478 978 3542 validiores
998 3476 1151 3540 exercitus

124 3572 373 3657 respicientium,
397 3573 451 3637 sed
470 3573 569 3637 multa
591 3573 752 3637 seditionis
771 3594 825 3636 ora
846 3592 1016 3653 vocesque:
1040 3591 1098 3633 sua
1118 3569 1151 3631 in

124 3687 221 3729 manu
239 3665 331 3729 sitam
348 3688 415 3731 rem
431 3667 608 3731 Romanam
613 3691 622 3744 3
642 3666 707 3730 suis
726 3665 865 3729 victoriis
884 3663 992 3748 augeri
1009 3685 1076 3727 rem
1092 3684 1152 3746 pu-

125 3756 239 3822 blicam
245 3783 254 3836 3
272 3759 305 3822 in
322 3781 415 3823 suum
433 3769 674 3846 cognomentum
693 3759 826 3822 adscisci
844 3759 1056 3842 imperatores.
1084 3755 1150 3820 Nec
1169 3774 1200 3821 32

124 3849 248 3936 legatus
263 3852 388 3917 obviam
401 3853 480 3918 ibat:
494 3854 608 3939 quippe
621 3853 758 3938 plurium
772 3851 936 3916 vaecordia
945 3850 1150 3915 constantiam

124 3954 293 4009 exemerat.
319 3956 446 4032 repente
463 3946 616 4033 lymphati
633 3945 788 4010 destrictis
811 3945 923 4031 gladiis
938 3944 975 4008 in
997 3944 1150 4009 centurie-

125 4058 183 4101 nes
203 4037 370 4104 invadunt:
397 4063 435 4106 ea
455 4040 669 4105 vetustissima
690 4038 875 4103 militaribus
903 4038 983 4103 odiis
1005 4039 1149 4104 materies

127 4139 159 4194 et
184 4132 343 4196 saeviendi
368 4133 568 4220 principium:
594 4140 767 4218 prostratos
792 4129 974 4198 verberibus
1001 4133 1147 4207 mulcant,

936 4233 977 4296 2*
