<?xml version="1.0" encoding="UTF-8"?>
<!DOCTYPE html PUBLIC "-//W3C//DTD XHTML 1.0 Transitional//EN"
    "http://www.w3.org/TR/xhtml1/DTD/xhtml1-transitional.dtd">
<html xmlns="http://www.w3.org/1999/xhtml" xml:lang="en" lang="en">
 <head>
  <title>
</title>
<meta http-equiv="Content-Type" content="text/html;charset=utf-8" />
  <meta name='ocr-system' content='tesseract 3.04.00' />
  <meta name='ocr-capabilities' content='ocr_page ocr_carea ocr_par ocr_line ocrx_word'/>
</head>
<body>
  <div class='ocr_page' id='page_1' title='image "./corneliitacitio01haasgoog_0147.png"; bbox 0 0 2760 4874; ppageno 0'>
   <div class='ocr_carea' id='block_1_1' title="bbox 261 463 1282 602">
    <p class='ocr_par' dir='ltr' id='par_1_1' title="bbox 261 463 1282 602">
     <span class='ocr_line' id='line_1_1' title="bbox 261 463 937 526; baseline -0.007 0"><span class='ocrx_word' id='word_1_1' title='bbox 261 463 302 526; x_wconf 66' lang='grc' dir='ltr'>ΤΟ</span> <span class='ocrx_word' id='word_1_2' title='bbox 608 466 792 523; x_wconf 79' lang='lat' dir='ltr'>CORNELII</span> <span class='ocrx_word' id='word_1_3' title='bbox 805 466 937 522; x_wconf 81' lang='lat' dir='ltr'>TAClTl</span> 
     </span>
     <span class='ocr_line' id='line_1_2' title="bbox 1174 564 1282 602; baseline 0.028 -4"><span class='ocrx_word' id='word_1_4' title='bbox 1174 570 1194 599; x_wconf 77' lang='lat' dir='ltr'>a.</span> <span class='ocrx_word' id='word_1_5' title='bbox 1205 571 1226 600; x_wconf 91' lang='lat' dir='ltr'>u.</span> <span class='ocrx_word' id='word_1_6' title='bbox 1237 564 1282 602; x_wconf 79' lang='lat' dir='ltr'>rra.</span> 
     </span>
    </p>
   </div>
   <div class='ocr_carea' id='block_1_2' title="bbox 205 624 1284 4292">
    <p class='ocr_par' dir='ltr' id='par_1_2' title="bbox 258 624 1283 714">
     <span class='ocr_line' id='line_1_3' title="bbox 258 624 1283 714; baseline -0.003 -18"><span class='ocrx_word' id='word_1_7' title='bbox 258 654 318 696; x_wconf 92' lang='lat' dir='ltr'>nus</span> <span class='ocrx_word' id='word_1_8' title='bbox 336 626 502 714; x_wconf 79' lang='lat' dir='ltr'>magnifica</span> <span class='ocrx_word' id='word_1_9' title='bbox 519 648 613 709; x_wconf 92' lang='lat' dir='ltr'>quam</span> <span class='ocrx_word' id='word_1_10' title='bbox 631 646 714 689; x_wconf 92' lang='lat' dir='ltr'>nuno</span> <span class='ocrx_word' id='word_1_11' title='bbox 736 624 768 689; x_wconf 85' lang='lat' dir='ltr'>vi</span> <span class='ocrx_word' id='word_1_12' title='bbox 785 624 974 695; x_wconf 75' lang='lat' dir='ltr'><strong>Parthorum</strong></span> <span class='ocrx_word' id='word_1_13' title='bbox 991 636 1045 690; x_wconf 91' lang='lat' dir='ltr'>aut</span> <span class='ocrx_word' id='word_1_14' title='bbox 1062 627 1202 711; x_wconf 91' lang='lat' dir='ltr'>potentia</span> <span class='ocrx_word' id='word_1_15' title='bbox 1218 628 1283 693; x_wconf 89' lang='lat' dir='ltr'>Ro-</span> 
     </span>
    </p>

    <p class='ocr_par' dir='ltr' id='par_1_3' title="bbox 209 715 1284 902">
     <span class='ocr_line' id='line_1_4' title="bbox 209 715 1284 803; baseline -0.005 -14"><span class='ocrx_word' id='word_1_16' title='bbox 209 747 238 794; x_wconf 81' lang='lat'>61</span> <span class='ocrx_word' id='word_1_17' title='bbox 258 745 351 789; x_wconf 90' lang='lat' dir='ltr'>mana</span> <span class='ocrx_word' id='word_1_18' title='bbox 367 721 521 795; x_wconf 84' lang='lat' dir='ltr'>iubentur.</span> <span class='ocrx_word' id='word_1_19' title='bbox 545 728 681 784; x_wconf 89' lang='lat' dir='ltr'>ceterum</span> <span class='ocrx_word' id='word_1_20' title='bbox 696 715 902 783; x_wconf 87' lang='lat' dir='ltr'>Germanicus</span> <span class='ocrx_word' id='word_1_21' title='bbox 920 719 988 782; x_wconf 91' lang='lat' dir='ltr'>aliis</span> <span class='ocrx_word' id='word_1_22' title='bbox 1007 723 1132 803; x_wconf 90' lang='lat' dir='ltr'>quoque</span> <span class='ocrx_word' id='word_1_23' title='bbox 1150 721 1284 786; x_wconf 89' lang='lat' dir='ltr'>miraeu-</span> 
     </span>
     <span class='ocr_line' id='line_1_5' title="bbox 258 812 1282 902; baseline -0.003 -20"><span class='ocrx_word' id='word_1_24' title='bbox 258 818 296 882; x_wconf 85' lang='lat' dir='ltr'>lis</span> <span class='ocrx_word' id='word_1_25' title='bbox 316 815 450 881; x_wconf 86' lang='lat' dir='ltr'>intendit</span> <span class='ocrx_word' id='word_1_26' title='bbox 472 813 624 889; x_wconf 90' lang='lat' dir='ltr'>animum,</span> <span class='ocrx_word' id='word_1_27' title='bbox 648 834 780 894; x_wconf 91' lang='lat' dir='ltr'>quorum</span> <span class='ocrx_word' id='word_1_28' title='bbox 802 813 970 898; x_wconf 88' lang='lat' dir='ltr'>praecipua</span> <span class='ocrx_word' id='word_1_29' title='bbox 992 813 1079 877; x_wconf 91' lang='lat' dir='ltr'>fuere</span> <span class='ocrx_word' id='word_1_30' title='bbox 1101 812 1282 902; x_wconf 84' lang='lat' dir='ltr'>Memnonis</span> 
     </span>
    </p>

    <p class='ocr_par' dir='ltr' id='par_1_4' title="bbox 220 904 1284 1655">
     <span class='ocr_line' id='line_1_6' title="bbox 220 904 1282 993; baseline -0.004 -17"><span class='ocrx_word' id='word_1_31' title='bbox 220 904 223 907; x_wconf 37' lang='lat'><em>¹</em></span> <span class='ocrx_word' id='word_1_32' title='bbox 258 932 353 976; x_wconf 87' lang='lat' dir='ltr'>saxea</span> <span class='ocrx_word' id='word_1_33' title='bbox 376 907 512 993; x_wconf 86' lang='lat' dir='ltr'>effigies,</span> <span class='ocrx_word' id='word_1_34' title='bbox 539 904 595 970; x_wconf 88' lang='lat' dir='ltr'>ubi</span> <span class='ocrx_word' id='word_1_35' title='bbox 616 904 711 969; x_wconf 90' lang='lat' dir='ltr'>radiis</span> <span class='ocrx_word' id='word_1_36' title='bbox 734 904 808 969; x_wconf 92' lang='lat' dir='ltr'>solis</span> <span class='ocrx_word' id='word_1_37' title='bbox 830 905 893 970; x_wconf 90' lang='lat' dir='ltr'>icta</span> <span class='ocrx_word' id='word_1_38' title='bbox 915 915 977 983; x_wconf 91' lang='lat' dir='ltr'>est,</span> <span class='ocrx_word' id='word_1_39' title='bbox 1004 906 1146 970; x_wconf 79' lang='lat' dir='ltr'>vocalem</span> <span class='ocrx_word' id='word_1_40' title='bbox 1169 908 1282 972; x_wconf 85' lang='lat' dir='ltr'>sonum</span> 
     </span>
     <span class='ocr_line' id='line_1_7' title="bbox 256 1000 1283 1088; baseline -0.003 -19"><span class='ocrx_word' id='word_1_41' title='bbox 256 1005 404 1080; x_wconf 89' lang='lat' dir='ltr'>reddens;</span> <span class='ocrx_word' id='word_1_42' title='bbox 418 1001 625 1083; x_wconf 90' lang='lat' dir='ltr'>disiectasque</span> <span class='ocrx_word' id='word_1_43' title='bbox 638 1000 718 1064; x_wconf 90' lang='lat' dir='ltr'>inter</span> <span class='ocrx_word' id='word_1_44' title='bbox 731 1009 762 1064; x_wconf 87' lang='lat' dir='ltr'>et</span> <span class='ocrx_word' id='word_1_45' title='bbox 774 1000 828 1066; x_wconf 83' lang='lat' dir='ltr'>vix</span> <span class='ocrx_word' id='word_1_46' title='bbox 835 1000 958 1088; x_wconf 76' lang='lat' dir='ltr'>perrias</span> <span class='ocrx_word' id='word_1_47' title='bbox 968 1023 1078 1065; x_wconf 82' lang='lat' dir='ltr'><strong>arenas</strong></span> <span class='ocrx_word' id='word_1_48' title='bbox 1087 1001 1186 1066; x_wconf 88' lang='lat' dir='ltr'>instar</span> <span class='ocrx_word' id='word_1_49' title='bbox 1193 1025 1283 1066; x_wconf 91' lang='lat' dir='ltr'>mon-</span> 
     </span>
     <span class='ocr_line' id='line_1_8' title="bbox 257 1094 1284 1183; baseline -0.003 -19"><span class='ocrx_word' id='word_1_50' title='bbox 257 1101 335 1164; x_wconf 90' lang='lat' dir='ltr'>tium</span> <span class='ocrx_word' id='word_1_51' title='bbox 349 1098 479 1163; x_wconf 81' lang='lat' dir='ltr'>eductae</span> <span class='ocrx_word' id='word_1_52' title='bbox 492 1095 670 1183; x_wconf 80' lang='lat' dir='ltr'>pyramides</span> <span class='ocrx_word' id='word_1_53' title='bbox 685 1095 852 1159; x_wconf 86' lang='lat' dir='ltr'>certamine</span> <span class='ocrx_word' id='word_1_54' title='bbox 866 1104 897 1159; x_wconf 92' lang='lat' dir='ltr'>et</span> <span class='ocrx_word' id='word_1_55' title='bbox 910 1094 1021 1180; x_wconf 93' lang='lat' dir='ltr'>opibus</span> <span class='ocrx_word' id='word_1_56' title='bbox 1035 1118 1161 1181; x_wconf 85' lang='lat' dir='ltr'>regum3</span> <span class='ocrx_word' id='word_1_57' title='bbox 1179 1096 1284 1162; x_wconf 90' lang='lat' dir='ltr'>lacus-</span> 
     </span>
     <span class='ocr_line' id='line_1_9' title="bbox 256 1188 1281 1277; baseline -0.002 -20"><span class='ocrx_word' id='word_1_58' title='bbox 256 1215 318 1277; x_wconf 89' lang='lat' dir='ltr'>que</span> <span class='ocrx_word' id='word_1_59' title='bbox 345 1192 462 1257; x_wconf 88' lang='lat' dir='ltr'>effossa</span> <span class='ocrx_word' id='word_1_60' title='bbox 485 1191 594 1267; x_wconf 91' lang='lat' dir='ltr'>humo,</span> <span class='ocrx_word' id='word_1_61' title='bbox 622 1189 839 1273; x_wconf 85' lang='lat' dir='ltr'>superfluentis</span> <span class='ocrx_word' id='word_1_62' title='bbox 861 1188 925 1253; x_wconf 89' lang='lat' dir='ltr'>Nili</span> <span class='ocrx_word' id='word_1_63' title='bbox 950 1189 1281 1274; x_wconf 61' lang='lat' dir='ltr'>receptaculaaatque</span> 
     </span>
     <span class='ocr_line' id='line_1_10' title="bbox 256 1282 1282 1372; baseline -0.003 -20"><span class='ocrx_word' id='word_1_64' title='bbox 256 1285 331 1352; x_wconf 89' lang='lat' dir='ltr'>alibi</span> <span class='ocrx_word' id='word_1_65' title='bbox 352 1285 515 1372; x_wconf 80' lang='lat' dir='ltr'>angustiae</span> <span class='ocrx_word' id='word_1_66' title='bbox 542 1293 573 1348; x_wconf 90' lang='lat' dir='ltr'>et</span> <span class='ocrx_word' id='word_1_67' title='bbox 594 1283 751 1369; x_wconf 88' lang='lat' dir='ltr'>profunda</span> <span class='ocrx_word' id='word_1_68' title='bbox 771 1282 916 1360; x_wconf 82' lang='lat' dir='ltr'>altitudo,</span> <span class='ocrx_word' id='word_1_69' title='bbox 943 1282 1037 1347; x_wconf 90' lang='lat' dir='ltr'>nullis</span> <span class='ocrx_word' id='word_1_70' title='bbox 1059 1283 1282 1366; x_wconf 88' lang='lat' dir='ltr'>inquirentium</span> 
     </span>
     <span class='ocr_line' id='line_1_11' title="bbox 257 1374 1280 1465; baseline -0.005 -20"><span class='ocrx_word' id='word_1_71' title='bbox 257 1380 365 1465; x_wconf 88' lang='lat' dir='ltr'>spatiis</span> <span class='ocrx_word' id='word_1_72' title='bbox 383 1377 592 1465; x_wconf 88' lang='lat' dir='ltr'>penetrabilis.</span> <span class='ocrx_word' id='word_1_73' title='bbox 616 1376 687 1442; x_wconf 85' lang='lat' dir='ltr'>exin</span> <span class='ocrx_word' id='word_1_74' title='bbox 701 1386 829 1441; x_wconf 89' lang='lat' dir='ltr'>ventum</span> <span class='ocrx_word' id='word_1_75' title='bbox 841 1376 1073 1462; x_wconf 83' lang='lat' dir='ltr'>Elephantinen</span> <span class='ocrx_word' id='word_1_76' title='bbox 1091 1398 1127 1441; x_wconf 90' lang='lat' dir='ltr'>ae</span> <span class='ocrx_word' id='word_1_77' title='bbox 1142 1374 1280 1461; x_wconf 88' lang='lat' dir='ltr'>Syenen,</span> 
     </span>
     <span class='ocr_line' id='line_1_12' title="bbox 257 1470 1281 1557; baseline -0.003 -18"><span class='ocrx_word' id='word_1_78' title='bbox 257 1475 392 1540; x_wconf 88' lang='lat' dir='ltr'>claustra</span> <span class='ocrx_word' id='word_1_79' title='bbox 405 1473 479 1538; x_wconf 90' lang='lat' dir='ltr'>olim</span> <span class='ocrx_word' id='word_1_80' title='bbox 491 1472 626 1538; x_wconf 90' lang='lat' dir='ltr'>Romani</span> <span class='ocrx_word' id='word_1_81' title='bbox 642 1471 773 1557; x_wconf 90' lang='lat' dir='ltr'>imperii,</span> <span class='ocrx_word' id='word_1_82' title='bbox 793 1472 877 1556; x_wconf 92' lang='lat' dir='ltr'>quod</span> <span class='ocrx_word' id='word_1_83' title='bbox 889 1493 974 1536; x_wconf 88' lang='lat' dir='ltr'>nunc</span> <span class='ocrx_word' id='word_1_84' title='bbox 990 1470 1119 1536; x_wconf 90' lang='lat' dir='ltr'>rubrum</span> <span class='ocrx_word' id='word_1_85' title='bbox 1137 1472 1178 1536; x_wconf 91' lang='lat' dir='ltr'>ad</span> <span class='ocrx_word' id='word_1_86' title='bbox 1195 1494 1281 1536; x_wconf 89' lang='lat' dir='ltr'>mare</span> 
     </span>
     <span class='ocr_line' id='line_1_13' title="bbox 256 1567 1148 1655; baseline -0.012 -22"><span class='ocrx_word' id='word_1_87' title='bbox 256 1567 396 1655; x_wconf 83' lang='lat' dir='ltr'>patescit.</span> <span class='ocrx_word' id='word_1_88' title='bbox 668 1633 672 1636; x_wconf 59' lang='grc'>,</span> <span class='ocrx_word' id='word_1_89' title='bbox 1145 1619 1148 1622; x_wconf 81' lang='grc'>,</span> 
     </span>
    </p>

    <p class='ocr_par' dir='ltr' id='par_1_5' title="bbox 207 1656 1281 2780">
     <span class='ocr_line' id='line_1_14' title="bbox 207 1656 1281 1744; baseline -0.006 -15"><span class='ocrx_word' id='word_1_90' title='bbox 207 1680 238 1730; x_wconf 82' lang='lat'>62</span> <span class='ocrx_word' id='word_1_91' title='bbox 319 1660 408 1727; x_wconf 92' lang='lat' dir='ltr'>Dum</span> <span class='ocrx_word' id='word_1_92' title='bbox 426 1682 463 1724; x_wconf 86' lang='lat' dir='ltr'>ea</span> <span class='ocrx_word' id='word_1_93' title='bbox 476 1669 579 1725; x_wconf 86' lang='lat' dir='ltr'>aestas</span> <span class='ocrx_word' id='word_1_94' title='bbox 594 1656 781 1725; x_wconf 87' lang='lat' dir='ltr'>Germanico</span> <span class='ocrx_word' id='word_1_95' title='bbox 794 1659 899 1744; x_wconf 92' lang='lat' dir='ltr'>plures</span> <span class='ocrx_word' id='word_1_96' title='bbox 917 1680 973 1743; x_wconf 88' lang='lat' dir='ltr'>per</span> <span class='ocrx_word' id='word_1_97' title='bbox 989 1657 1165 1743; x_wconf 89' lang='lat' dir='ltr'>provincias</span> <span class='ocrx_word' id='word_1_98' title='bbox 1180 1668 1281 1728; x_wconf 79' lang='lat' dir='ltr'>nans-</span> 
     </span>
     <span class='ocr_line' id='line_1_15' title="bbox 255 1746 1281 1842; baseline -0.002 -23"><span class='ocrx_word' id='word_1_99' title='bbox 255 1755 364 1842; x_wconf 84' lang='lat' dir='ltr'>igitur,</span> <span class='ocrx_word' id='word_1_100' title='bbox 391 1754 476 1819; x_wconf 88' lang='lat' dir='ltr'>haud</span> <span class='ocrx_word' id='word_1_101' title='bbox 497 1754 566 1819; x_wconf 83' lang='lat' dir='ltr'>leve</span> <span class='ocrx_word' id='word_1_102' title='bbox 589 1753 684 1818; x_wconf 88' lang='lat' dir='ltr'>decus</span> <span class='ocrx_word' id='word_1_103' title='bbox 706 1752 833 1818; x_wconf 88' lang='lat' dir='ltr'>Drusus</span> <span class='ocrx_word' id='word_1_104' title='bbox 856 1752 1012 1836; x_wconf 85' lang='lat' dir='ltr'>quaesivit</span> <span class='ocrx_word' id='word_1_105' title='bbox 1032 1752 1173 1817; x_wconf 88' lang='lat' dir='ltr'>inliciens</span> <span class='ocrx_word' id='word_1_106' title='bbox 1199 1746 1281 1818; x_wconf 88' lang='lat' dir='ltr'>Ger-</span> 
     </span>
     <span class='ocr_line' id='line_1_16' title="bbox 255 1846 1280 1932; baseline -0.005 -16"><span class='ocrx_word' id='word_1_107' title='bbox 255 1872 365 1916; x_wconf 90' lang='lat' dir='ltr'>manos</span> <span class='ocrx_word' id='word_1_108' title='bbox 387 1850 427 1914; x_wconf 92' lang='lat' dir='ltr'>ad</span> <span class='ocrx_word' id='word_1_109' title='bbox 450 1847 621 1913; x_wconf 90' lang='lat' dir='ltr'>discordias</span> <span class='ocrx_word' id='word_1_110' title='bbox 644 1856 740 1932; x_wconf 89' lang='lat' dir='ltr'>utque</span> <span class='ocrx_word' id='word_1_111' title='bbox 752 1846 857 1912; x_wconf 79' lang='lat' dir='ltr'>&#39;fracto</span> <span class='ocrx_word' id='word_1_112' title='bbox 879 1847 943 1911; x_wconf 87' lang='lat' dir='ltr'>iam</span> <span class='ocrx_word' id='word_1_113' title='bbox 959 1846 1157 1912; x_wconf 87' lang='lat' dir='ltr'>Maroboduo</span> <span class='ocrx_word' id='word_1_114' title='bbox 1179 1869 1280 1930; x_wconf 89' lang='lat' dir='ltr'>usque</span> 
     </span>
     <span class='ocr_line' id='line_1_17' title="bbox 254 1939 1279 2009; baseline -0.004 0"><span class='ocrx_word' id='word_1_115' title='bbox 254 1945 288 2008; x_wconf 91' lang='lat' dir='ltr'>in</span> <span class='ocrx_word' id='word_1_116' title='bbox 306 1945 434 2009; x_wconf 82' lang='lat' dir='ltr'>exitium</span> <span class='ocrx_word' id='word_1_117' title='bbox 450 1944 652 2008; x_wconf 86' lang='lat' dir='ltr'>insisteretur.</span> <span class='ocrx_word' id='word_1_118' title='bbox 679 1952 745 2007; x_wconf 90' lang='lat' dir='ltr'>erat</span> <span class='ocrx_word' id='word_1_119' title='bbox 766 1942 846 2007; x_wconf 87' lang='lat' dir='ltr'>inter</span> <span class='ocrx_word' id='word_1_120' title='bbox 864 1939 1005 2008; x_wconf 88' lang='lat' dir='ltr'>Gotones</span> <span class='ocrx_word' id='word_1_121' title='bbox 1028 1941 1140 2007; x_wconf 91' lang='lat' dir='ltr'>nobilis</span> <span class='ocrx_word' id='word_1_122' title='bbox 1157 1941 1279 2006; x_wconf 88' lang='lat' dir='ltr'>iuvenis</span> 
     </span>
     <span class='ocr_line' id='line_1_18' title="bbox 255 2034 1281 2123; baseline -0.003 -21"><span class='ocrx_word' id='word_1_123' title='bbox 255 2037 380 2104; x_wconf 93' lang='lat' dir='ltr'>nomine</span> <span class='ocrx_word' id='word_1_124' title='bbox 403 2036 571 2115; x_wconf 83' lang='lat' dir='ltr'>Catualda,</span> <span class='ocrx_word' id='word_1_125' title='bbox 598 2036 751 2123; x_wconf 83' lang='lat' dir='ltr'>profugus</span> <span class='ocrx_word' id='word_1_126' title='bbox 778 2037 853 2101; x_wconf 92' lang='lat' dir='ltr'>olim</span> <span class='ocrx_word' id='word_1_127' title='bbox 879 2036 911 2101; x_wconf 88' lang='lat' dir='ltr'>vi</span> <span class='ocrx_word' id='word_1_128' title='bbox 932 2034 1122 2102; x_wconf 89' lang='lat' dir='ltr'>Marobodui</span> <span class='ocrx_word' id='word_1_129' title='bbox 1148 2044 1179 2099; x_wconf 90' lang='lat' dir='ltr'>et</span> <span class='ocrx_word' id='word_1_130' title='bbox 1206 2046 1281 2099; x_wconf 92' lang='lat' dir='ltr'>tunc</span> 
     </span>
     <span class='ocr_line' id='line_1_19' title="bbox 256 2129 1279 2208; baseline -0.004 -12"><span class='ocrx_word' id='word_1_131' title='bbox 256 2131 359 2196; x_wconf 90' lang='lat' dir='ltr'>dubiis</span> <span class='ocrx_word' id='word_1_132' title='bbox 385 2130 479 2197; x_wconf 93' lang='lat' dir='ltr'>rebus</span> <span class='ocrx_word' id='word_1_133' title='bbox 494 2131 573 2196; x_wconf 74' lang='lat' dir='ltr'>&#39;eius</span> <span class='ocrx_word' id='word_1_134' title='bbox 599 2131 748 2195; x_wconf 89' lang='lat' dir='ltr'>ultionem</span> <span class='ocrx_word' id='word_1_135' title='bbox 771 2153 881 2208; x_wconf 84' lang='lat' dir='ltr'>ausus3</span> <span class='ocrx_word' id='word_1_136' title='bbox 907 2129 935 2194; x_wconf 92' lang='lat' dir='ltr'>is</span> <span class='ocrx_word' id='word_1_137' title='bbox 957 2129 1062 2193; x_wconf 90' lang='lat' dir='ltr'>valida</span> <span class='ocrx_word' id='word_1_138' title='bbox 1082 2151 1180 2193; x_wconf 89' lang='lat' dir='ltr'>manu</span> <span class='ocrx_word' id='word_1_139' title='bbox 1200 2129 1279 2193; x_wconf 88' lang='lat' dir='ltr'>fines</span> 
     </span>
     <span class='ocr_line' id='line_1_20' title="bbox 254 2222 1280 2311; baseline -0.003 -21"><span class='ocrx_word' id='word_1_140' title='bbox 254 2225 529 2291; x_wconf 90' lang='lat' dir='ltr'>Marcomanorum</span> <span class='ocrx_word' id='word_1_141' title='bbox 547 2224 950 2311; x_wconf 86' lang='lat' dir='ltr'>ingreditur&#39;corruptisque</span> <span class='ocrx_word' id='word_1_142' title='bbox 964 2222 1151 2308; x_wconf 90' lang='lat' dir='ltr'>primoribus</span> <span class='ocrx_word' id='word_1_143' title='bbox 1169 2222 1212 2287; x_wconf 90' lang='lat' dir='ltr'>ad</span> <span class='ocrx_word' id='word_1_144' title='bbox 1230 2245 1280 2287; x_wconf 88' lang='lat' dir='ltr'>so·</span> 
     </span>
     <span class='ocr_line' id='line_1_21' title="bbox 255 2318 1279 2406; baseline -0.002 -21"><span class='ocrx_word' id='word_1_145' title='bbox 255 2320 398 2385; x_wconf 89' lang='lat' dir='ltr'>eietatem</span> <span class='ocrx_word' id='word_1_146' title='bbox 415 2319 563 2405; x_wconf 88' lang='lat' dir='ltr'>inrumpit</span> <span class='ocrx_word' id='word_1_147' title='bbox 579 2319 699 2406; x_wconf 86' lang='lat' dir='ltr'>regiam</span> <span class='ocrx_word' id='word_1_148' title='bbox 715 2319 940 2402; x_wconf 88' lang='lat' dir='ltr'>castellumque</span> <span class='ocrx_word' id='word_1_149' title='bbox 957 2318 1045 2382; x_wconf 81' lang='lat' dir='ltr'>iuxta</span> <span class='ocrx_word' id='word_1_150' title='bbox 1063 2318 1166 2384; x_wconf 84' lang='lat' dir='ltr'>situm.</span> <span class='ocrx_word' id='word_1_151' title='bbox 1193 2327 1279 2383; x_wconf 87' lang='lat' dir='ltr'>vete·</span> 
     </span>
     <span class='ocr_line' id='line_1_22' title="bbox 255 2411 1278 2499; baseline -0.002 -22"><span class='ocrx_word' id='word_1_152' title='bbox 255 2436 304 2478; x_wconf 90' lang='lat' dir='ltr'>res</span> <span class='ocrx_word' id='word_1_153' title='bbox 322 2413 385 2479; x_wconf 92' lang='lat' dir='ltr'>illie</span> <span class='ocrx_word' id='word_1_154' title='bbox 400 2411 579 2481; x_wconf 85' lang='lat' dir='ltr'>Sueborum</span> <span class='ocrx_word' id='word_1_155' title='bbox 593 2414 727 2499; x_wconf 88' lang='lat' dir='ltr'>praedae</span> <span class='ocrx_word' id='word_1_156' title='bbox 744 2423 777 2478; x_wconf 88' lang='lat' dir='ltr'>et</span> <span class='ocrx_word' id='word_1_157' title='bbox 787 2413 902 2478; x_wconf 86' lang='lat' dir='ltr'>nostris</span> <span class='ocrx_word' id='word_1_158' title='bbox 920 2435 938 2477; x_wconf 89' lang='lat' dir='ltr'>e</span> <span class='ocrx_word' id='word_1_159' title='bbox 955 2412 1122 2497; x_wconf 90' lang='lat' dir='ltr'>provinciis</span> <span class='ocrx_word' id='word_1_160' title='bbox 1141 2411 1224 2476; x_wconf 86' lang='lat' dir='ltr'>lixae</span> <span class='ocrx_word' id='word_1_161' title='bbox 1242 2433 1278 2477; x_wconf 89' lang='lat' dir='ltr'>ac</span> 
     </span>
     <span class='ocr_line' id='line_1_23' title="bbox 254 2506 1279 2594; baseline -0.002 -23"><span class='ocrx_word' id='word_1_162' title='bbox 254 2507 462 2594; x_wconf 85' lang='lat' dir='ltr'>negotiatores</span> <span class='ocrx_word' id='word_1_163' title='bbox 480 2507 607 2594; x_wconf 90' lang='lat' dir='ltr'>reperti,</span> <span class='ocrx_word' id='word_1_164' title='bbox 627 2529 705 2591; x_wconf 90' lang='lat' dir='ltr'>quos</span> <span class='ocrx_word' id='word_1_165' title='bbox 723 2507 772 2572; x_wconf 92' lang='lat' dir='ltr'>ius</span> <span class='ocrx_word' id='word_1_166' title='bbox 791 2506 982 2583; x_wconf 88' lang='lat' dir='ltr'>commercii,</span> <span class='ocrx_word' id='word_1_167' title='bbox 1001 2506 1074 2570; x_wconf 88' lang='lat' dir='ltr'>dein</span> <span class='ocrx_word' id='word_1_168' title='bbox 1091 2506 1205 2591; x_wconf 88' lang='lat' dir='ltr'>cupido</span> <span class='ocrx_word' id='word_1_169' title='bbox 1224 2529 1279 2570; x_wconf 92' lang='lat' dir='ltr'>au-</span> 
     </span>
     <span class='ocr_line' id='line_1_24' title="bbox 254 2599 1278 2687; baseline -0.003 -22"><span class='ocrx_word' id='word_1_170' title='bbox 254 2601 348 2686; x_wconf 87' lang='lat' dir='ltr'>gendi</span> <span class='ocrx_word' id='word_1_171' title='bbox 365 2601 539 2686; x_wconf 86' lang='lat' dir='ltr'>pecuniam,</span> <span class='ocrx_word' id='word_1_172' title='bbox 557 2611 750 2687; x_wconf 87' lang='lat' dir='ltr'>postremum</span> <span class='ocrx_word' id='word_1_173' title='bbox 768 2600 883 2666; x_wconf 89' lang='lat' dir='ltr'>oblivio</span> <span class='ocrx_word' id='word_1_174' title='bbox 900 2601 1018 2686; x_wconf 86' lang='lat' dir='ltr'>patriae</span> <span class='ocrx_word' id='word_1_175' title='bbox 1037 2599 1102 2665; x_wconf 90' lang='lat' dir='ltr'>suis</span> <span class='ocrx_word' id='word_1_176' title='bbox 1122 2621 1278 2683; x_wconf 90' lang='lat' dir='ltr'>quemque</span> 
     </span>
     <span class='ocr_line' id='line_1_25' title="bbox 254 2693 1008 2780; baseline 0.001 -23"><span class='ocrx_word' id='word_1_177' title='bbox 254 2693 294 2758; x_wconf 91' lang='lat' dir='ltr'>ab</span> <span class='ocrx_word' id='word_1_178' title='bbox 313 2693 439 2759; x_wconf 88' lang='lat' dir='ltr'>sedibus</span> <span class='ocrx_word' id='word_1_179' title='bbox 457 2694 604 2759; x_wconf 88' lang='lat' dir='ltr'>hostilem</span> <span class='ocrx_word' id='word_1_180' title='bbox 621 2695 655 2759; x_wconf 92' lang='lat' dir='ltr'>in</span> <span class='ocrx_word' id='word_1_181' title='bbox 671 2717 782 2780; x_wconf 85' lang='lat' dir='ltr'>agrum</span> <span class='ocrx_word' id='word_1_182' title='bbox 800 2695 1008 2759; x_wconf 88' lang='lat' dir='ltr'>transtulerat.</span> 
     </span>
    </p>

    <p class='ocr_par' dir='ltr' id='par_1_6' title="bbox 205 2786 1278 2871">
     <span class='ocr_line' id='line_1_26' title="bbox 205 2786 1278 2871; baseline -0.004 -16"><span class='ocrx_word' id='word_1_183' title='bbox 205 2808 236 2870; x_wconf 79' lang='lat'>63</span> <span class='ocrx_word' id='word_1_184' title='bbox 317 2786 515 2853; x_wconf 90' lang='lat' dir='ltr'>Maroboduo</span> <span class='ocrx_word' id='word_1_185' title='bbox 528 2788 665 2870; x_wconf 88' lang='lat' dir='ltr'>undique</span> <span class='ocrx_word' id='word_1_186' title='bbox 679 2790 802 2854; x_wconf 89' lang='lat' dir='ltr'>deserto</span> <span class='ocrx_word' id='word_1_187' title='bbox 816 2810 879 2853; x_wconf 91' lang='lat' dir='ltr'>non</span> <span class='ocrx_word' id='word_1_188' title='bbox 896 2788 981 2852; x_wconf 90' lang='lat' dir='ltr'>aliud</span> <span class='ocrx_word' id='word_1_189' title='bbox 995 2787 1170 2852; x_wconf 91' lang='lat' dir='ltr'>subsidium</span> <span class='ocrx_word' id='word_1_190' title='bbox 1183 2809 1278 2871; x_wconf 90' lang='lat' dir='ltr'>quam</span> 
     </span>
    </p>

    <p class='ocr_par' dir='ltr' id='par_1_7' title="bbox 210 2879 1277 4292">
     <span class='ocr_line' id='line_1_27' title="bbox 210 2879 1277 2968; baseline 0.001 -23"><span class='ocrx_word' id='word_1_191' title='bbox 210 2957 213 2960; x_wconf 64' lang='lat'>,</span> <span class='ocrx_word' id='word_1_192' title='bbox 253 2880 465 2945; x_wconf 90' lang='lat' dir='ltr'>misericordia</span> <span class='ocrx_word' id='word_1_193' title='bbox 487 2879 640 2950; x_wconf 65' lang='lat' dir='ltr'>Caesaris.</span> <span class='ocrx_word' id='word_1_194' title='bbox 655 2881 728 2946; x_wconf 85' lang='lat' dir='ltr'>fnit:</span> <span class='ocrx_word' id='word_1_195' title='bbox 755 2891 970 2968; x_wconf 84' lang='lat' dir='ltr'>transgressus</span> <span class='ocrx_word' id='word_1_196' title='bbox 992 2881 1192 2958; x_wconf 89' lang='lat' dir='ltr'>Danuvium,</span> <span class='ocrx_word' id='word_1_197' title='bbox 1215 2904 1277 2965; x_wconf 91' lang='lat' dir='ltr'>qua</span> 
     </span>
     <span class='ocr_line' id='line_1_28' title="bbox 253 2973 1277 3063; baseline 0.004 -25"><span class='ocrx_word' id='word_1_198' title='bbox 253 2973 403 3041; x_wconf 55' lang='lat' dir='ltr'>Noricam&lt;</span> <span class='ocrx_word' id='word_1_199' title='bbox 416 2976 608 3060; x_wconf 89' lang='lat' dir='ltr'>provinciam</span> <span class='ocrx_word' id='word_1_200' title='bbox 620 2977 773 3062; x_wconf 24' lang='lat' dir='ltr'>praed-uit,</span> <span class='ocrx_word' id='word_1_201' title='bbox 792 2978 916 3063; x_wconf 88' lang='lat' dir='ltr'>scripsit</span> <span class='ocrx_word' id='word_1_202' title='bbox 928 2976 1056 3042; x_wconf 84' lang='lat' dir='ltr'>Tiberio</span> <span class='ocrx_word' id='word_1_203' title='bbox 1073 2999 1137 3042; x_wconf 91' lang='lat' dir='ltr'>non</span> <span class='ocrx_word' id='word_1_204' title='bbox 1153 2987 1189 3040; x_wconf 90' lang='lat' dir='ltr'>ut</span> <span class='ocrx_word' id='word_1_205' title='bbox 1206 3000 1277 3063; x_wconf 90' lang='lat' dir='ltr'>pro-</span> 
     </span>
     <span class='ocr_line' id='line_1_29' title="bbox 254 3069 1276 3158; baseline 0.009 -26"><span class='ocrx_word' id='word_1_206' title='bbox 254 3069 349 3154; x_wconf 86' lang='lat' dir='ltr'>fugus</span> <span class='ocrx_word' id='word_1_207' title='bbox 367 3079 421 3136; x_wconf 91' lang='lat' dir='ltr'>aut</span> <span class='ocrx_word' id='word_1_208' title='bbox 439 3070 581 3156; x_wconf 87' lang='lat' dir='ltr'>supplex,</span> <span class='ocrx_word' id='word_1_209' title='bbox 601 3072 657 3136; x_wconf 90' lang='lat' dir='ltr'>sed</span> <span class='ocrx_word' id='word_1_210' title='bbox 675 3094 715 3136; x_wconf 87' lang='lat' dir='ltr'>ex</span> <span class='ocrx_word' id='word_1_211' title='bbox 731 3073 881 3137; x_wconf 89' lang='lat' dir='ltr'>memoria</span> <span class='ocrx_word' id='word_1_212' title='bbox 897 3073 1008 3158; x_wconf 89' lang='lat' dir='ltr'>prioris</span> <span class='ocrx_word' id='word_1_213' title='bbox 1027 3072 1184 3136; x_wconf 90' lang='lat' dir='ltr'>fortunae:</span> <span class='ocrx_word' id='word_1_214' title='bbox 1203 3096 1276 3142; x_wconf 87' lang='lat' dir='ltr'>nam</span> 
     </span>
     <span class='ocr_line' id='line_1_30' title="bbox 253 3163 1276 3252; baseline 0.004 -25"><span class='ocrx_word' id='word_1_215' title='bbox 253 3163 359 3228; x_wconf 91' lang='lat' dir='ltr'>multis</span> <span class='ocrx_word' id='word_1_216' title='bbox 376 3164 554 3230; x_wconf 87' lang='lat' dir='ltr'>nationibus</span> <span class='ocrx_word' id='word_1_217' title='bbox 577 3163 783 3231; x_wconf 88' lang='lat' dir='ltr'>clarissimum</span> <span class='ocrx_word' id='word_1_218' title='bbox 805 3168 962 3250; x_wconf 92' lang='lat' dir='ltr'>quondam</span> <span class='ocrx_word' id='word_1_219' title='bbox 984 3188 1092 3252; x_wconf 81' lang='lat' dir='ltr'>regem</span> <span class='ocrx_word' id='word_1_220' title='bbox 1110 3168 1152 3231; x_wconf 91' lang='lat' dir='ltr'>ad</span> <span class='ocrx_word' id='word_1_221' title='bbox 1170 3187 1204 3231; x_wconf 91' lang='lat' dir='ltr'>se</span> <span class='ocrx_word' id='word_1_222' title='bbox 1221 3188 1276 3231; x_wconf 80' lang='lat' dir='ltr'>vo-</span> 
     </span>
     <span class='ocr_line' id='line_1_31' title="bbox 254 3257 1277 3347; baseline 0.003 -25"><span class='ocrx_word' id='word_1_223' title='bbox 254 3257 395 3324; x_wconf 86' lang='lat' dir='ltr'>cantibus</span> <span class='ocrx_word' id='word_1_224' title='bbox 421 3259 597 3326; x_wconf 89' lang='lat' dir='ltr'>Romanam</span> <span class='ocrx_word' id='word_1_225' title='bbox 623 3258 791 3327; x_wconf 88' lang='lat' dir='ltr'>amicitiam</span> <span class='ocrx_word' id='word_1_226' title='bbox 816 3261 1009 3347; x_wconf 88' lang='lat' dir='ltr'>praetulisse.</span> <span class='ocrx_word' id='word_1_227' title='bbox 1044 3283 1231 3344; x_wconf 89' lang='lat' dir='ltr'>responsum</span> <span class='ocrx_word' id='word_1_228' title='bbox 1257 3284 1277 3325; x_wconf 91' lang='lat' dir='ltr'>a</span> 
     </span>
     <span class='ocr_line' id='line_1_32' title="bbox 254 3351 1276 3440; baseline 0 -22"><span class='ocrx_word' id='word_1_229' title='bbox 254 3351 391 3418; x_wconf 86' lang='lat' dir='ltr'>Caesare</span> <span class='ocrx_word' id='word_1_230' title='bbox 413 3363 512 3418; x_wconf 88' lang='lat' dir='ltr'>tutam</span> <span class='ocrx_word' id='word_1_231' title='bbox 534 3354 563 3420; x_wconf 90' lang='lat' dir='ltr'>ei</span> <span class='ocrx_word' id='word_1_232' title='bbox 585 3354 829 3439; x_wconf 90' lang='lat' dir='ltr'>honoratamque</span> <span class='ocrx_word' id='word_1_233' title='bbox 852 3356 959 3440; x_wconf 85' lang='lat' dir='ltr'>sedem</span> <span class='ocrx_word' id='word_1_234' title='bbox 980 3356 1014 3420; x_wconf 92' lang='lat' dir='ltr'>in</span> <span class='ocrx_word' id='word_1_235' title='bbox 1029 3354 1122 3420; x_wconf 89' lang='lat' dir='ltr'>Italia</span> <span class='ocrx_word' id='word_1_236' title='bbox 1143 3354 1225 3432; x_wconf 84' lang='lat' dir='ltr'>fore,</span> <span class='ocrx_word' id='word_1_237' title='bbox 1249 3355 1276 3418; x_wconf 91' lang='lat' dir='ltr'>si</span> 
     </span>
     <span class='ocr_line' id='line_1_33' title="bbox 252 3447 1275 3526; baseline -0.002 -13"><span class='ocrx_word' id='word_1_238' title='bbox 252 3457 405 3526; x_wconf 84' lang='lat' dir='ltr'>maneret3</span> <span class='ocrx_word' id='word_1_239' title='bbox 428 3447 477 3512; x_wconf 92' lang='lat' dir='ltr'>sin</span> <span class='ocrx_word' id='word_1_240' title='bbox 497 3447 591 3514; x_wconf 90' lang='lat' dir='ltr'>rebus</span> <span class='ocrx_word' id='word_1_241' title='bbox 615 3449 681 3513; x_wconf 90' lang='lat' dir='ltr'>eius</span> <span class='ocrx_word' id='word_1_242' title='bbox 704 3449 790 3513; x_wconf 91' lang='lat' dir='ltr'>aliud</span> <span class='ocrx_word' id='word_1_243' title='bbox 810 3450 1011 3525; x_wconf 86' lang='lat' dir='ltr'>conduceret,</span> <span class='ocrx_word' id='word_1_244' title='bbox 1034 3447 1192 3514; x_wconf 87' lang='lat' dir='ltr'>abiturum</span> <span class='ocrx_word' id='word_1_245' title='bbox 1213 3448 1275 3511; x_wconf 92' lang='lat' dir='ltr'>fide</span> 
     </span>
     <span class='ocr_line' id='line_1_34' title="bbox 252 3541 1276 3629; baseline 0 -23"><span class='ocrx_word' id='word_1_246' title='bbox 252 3564 315 3625; x_wconf 91' lang='lat' dir='ltr'>qua</span> <span class='ocrx_word' id='word_1_247' title='bbox 334 3542 481 3607; x_wconf 83' lang='lat' dir='ltr'>venisset</span> <span class='ocrx_word' id='word_1_248' title='bbox 503 3553 650 3615; x_wconf 85' lang='lat' dir='ltr'>ceterum</span> <span class='ocrx_word' id='word_1_249' title='bbox 672 3545 757 3629; x_wconf 90' lang='lat' dir='ltr'>apud</span> <span class='ocrx_word' id='word_1_250' title='bbox 779 3553 922 3609; x_wconf 91' lang='lat' dir='ltr'>senatum</span> <span class='ocrx_word' id='word_1_251' title='bbox 947 3543 1094 3608; x_wconf 88' lang='lat' dir='ltr'>disseruit</span> <span class='ocrx_word' id='word_1_252' title='bbox 1115 3565 1184 3607; x_wconf 90' lang='lat' dir='ltr'>non</span> <span class='ocrx_word' id='word_1_253' title='bbox 1199 3541 1276 3606; x_wconf 91' lang='lat' dir='ltr'>Phi-</span> 
     </span>
     <span class='ocr_line' id='line_1_35' title="bbox 251 3634 1276 3723; baseline 0.003 -25"><span class='ocrx_word' id='word_1_254' title='bbox 251 3635 372 3721; x_wconf 92' lang='lat' dir='ltr'>lippum</span> <span class='ocrx_word' id='word_1_255' title='bbox 389 3634 651 3714; x_wconf 82' lang='lat' dir='ltr'>Atheniensibus,</span> <span class='ocrx_word' id='word_1_256' title='bbox 674 3661 738 3702; x_wconf 92' lang='lat' dir='ltr'>non</span> <span class='ocrx_word' id='word_1_257' title='bbox 754 3637 912 3723; x_wconf 80' lang='lat' dir='ltr'>Pyrrhum</span> <span class='ocrx_word' id='word_1_258' title='bbox 934 3648 988 3702; x_wconf 87' lang='lat' dir='ltr'>aut</span> <span class='ocrx_word' id='word_1_259' title='bbox 1004 3635 1199 3705; x_wconf 83' lang='lat' dir='ltr'>Antiochum</span> <span class='ocrx_word' id='word_1_260' title='bbox 1220 3659 1276 3721; x_wconf 92' lang='lat' dir='ltr'>po-</span> 
     </span>
     <span class='ocr_line' id='line_1_36' title="bbox 252 3729 1275 3821; baseline 0.001 -28"><span class='ocrx_word' id='word_1_261' title='bbox 252 3730 325 3814; x_wconf 92' lang='lat' dir='ltr'>pulo</span> <span class='ocrx_word' id='word_1_262' title='bbox 343 3729 486 3796; x_wconf 88' lang='lat' dir='ltr'>Romano</span> <span class='ocrx_word' id='word_1_263' title='bbox 507 3732 635 3818; x_wconf 88' lang='lat' dir='ltr'>perinde</span> <span class='ocrx_word' id='word_1_264' title='bbox 658 3732 841 3798; x_wconf 92' lang='lat' dir='ltr'>metuendos</span> <span class='ocrx_word' id='word_1_265' title='bbox 859 3732 968 3821; x_wconf 82' lang='lat' dir='ltr'>fuisse.</span> <span class='ocrx_word' id='word_1_266' title='bbox 995 3740 1081 3796; x_wconf 86' lang='lat' dir='ltr'>extat</span> <span class='ocrx_word' id='word_1_267' title='bbox 1097 3731 1195 3802; x_wconf 84' lang='lat' dir='ltr'>oratio</span> <span class='ocrx_word' id='word_1_268' title='bbox 1214 3753 1275 3815; x_wconf 92' lang='lat' dir='ltr'>qua</span> 
     </span>
     <span class='ocr_line' id='line_1_37' title="bbox 251 3825 1274 3911; baseline 0.001 -24"><span class='ocrx_word' id='word_1_269' title='bbox 251 3825 504 3910; x_wconf 40' lang='lat' dir='ltr'>magnitudinem,</span> <span class='ocrx_word' id='word_1_270' title='bbox 515 3826 586 3902; x_wconf 89' lang='lat' dir='ltr'>viri,</span> <span class='ocrx_word' id='word_1_271' title='bbox 605 3826 783 3891; x_wconf 90' lang='lat' dir='ltr'>violentiam</span> <span class='ocrx_word' id='word_1_272' title='bbox 802 3826 1010 3891; x_wconf 89' lang='lat' dir='ltr'>subiectarum</span> <span class='ocrx_word' id='word_1_273' title='bbox 1028 3825 1058 3890; x_wconf 88' lang='lat' dir='ltr'>ei</span> <span class='ocrx_word' id='word_1_274' title='bbox 1074 3825 1225 3911; x_wconf 89' lang='lat' dir='ltr'>gentium,</span> <span class='ocrx_word' id='word_1_275' title='bbox 1243 3834 1274 3889; x_wconf 86' lang='lat' dir='ltr'>et</span> 
     </span>
     <span class='ocr_line' id='line_1_38' title="bbox 252 3919 1274 4005; baseline 0.001 -24"><span class='ocrx_word' id='word_1_276' title='bbox 252 3940 346 4000; x_wconf 91' lang='lat' dir='ltr'>quam</span> <span class='ocrx_word' id='word_1_277' title='bbox 367 3920 560 4005; x_wconf 92' lang='lat' dir='ltr'>propinquus</span> <span class='ocrx_word' id='word_1_278' title='bbox 578 3921 688 3985; x_wconf 89' lang='lat' dir='ltr'>Italiae</span> <span class='ocrx_word' id='word_1_279' title='bbox 706 3921 819 3998; x_wconf 88' lang='lat' dir='ltr'>hostis,</span> <span class='ocrx_word' id='word_1_280' title='bbox 844 3941 962 4003; x_wconf 91' lang='lat' dir='ltr'>suaque</span> <span class='ocrx_word' id='word_1_281' title='bbox 979 3920 1013 3984; x_wconf 91' lang='lat' dir='ltr'>in</span> <span class='ocrx_word' id='word_1_282' title='bbox 1029 3919 1218 3984; x_wconf 89' lang='lat' dir='ltr'>destruendo</span> <span class='ocrx_word' id='word_1_283' title='bbox 1236 3940 1274 3982; x_wconf 91' lang='lat' dir='ltr'>eo</span> 
     </span>
     <span class='ocr_line' id='line_1_39' title="bbox 252 4011 1272 4099; baseline 0.004 -25"><span class='ocrx_word' id='word_1_284' title='bbox 252 4011 381 4088; x_wconf 87' lang='lat' dir='ltr'>consilia</span> <span class='ocrx_word' id='word_1_285' title='bbox 393 4013 511 4080; x_wconf 88' lang='lat' dir='ltr'>extulit.</span> <span class='ocrx_word' id='word_1_286' title='bbox 534 4023 566 4080; x_wconf 90' lang='lat' dir='ltr'>et</span> <span class='ocrx_word' id='word_1_287' title='bbox 578 4013 793 4080; x_wconf 89' lang='lat' dir='ltr'>Maroboduus</span> <span class='ocrx_word' id='word_1_288' title='bbox 809 4015 935 4099; x_wconf 91' lang='lat' dir='ltr'>quidem</span> <span class='ocrx_word' id='word_1_289' title='bbox 948 4013 1118 4079; x_wconf 88' lang='lat' dir='ltr'>Ravennae</span> <span class='ocrx_word' id='word_1_290' title='bbox 1136 4012 1272 4088; x_wconf 86' lang='lat' dir='ltr'>habitus,</span> 
     </span>
     <span class='ocr_line' id='line_1_40' title="bbox 252 4105 1272 4193; baseline -0.001 -23"><span class='ocrx_word' id='word_1_291' title='bbox 252 4105 279 4170; x_wconf 90' lang='lat' dir='ltr'>si</span> <span class='ocrx_word' id='word_1_292' title='bbox 297 4107 421 4189; x_wconf 87' lang='lat' dir='ltr'>quando</span> <span class='ocrx_word' id='word_1_293' title='bbox 438 4107 660 4174; x_wconf 87' lang='lat' dir='ltr'>insolescerent</span> <span class='ocrx_word' id='word_1_294' title='bbox 679 4107 790 4188; x_wconf 88' lang='lat' dir='ltr'>Suebi,</span> <span class='ocrx_word' id='word_1_295' title='bbox 809 4109 900 4192; x_wconf 92' lang='lat' dir='ltr'>quasi</span> <span class='ocrx_word' id='word_1_296' title='bbox 916 4109 1072 4173; x_wconf 82' lang='lat' dir='ltr'>rediturus</span> <span class='ocrx_word' id='word_1_297' title='bbox 1089 4107 1123 4172; x_wconf 92' lang='lat' dir='ltr'>in</span> <span class='ocrx_word' id='word_1_298' title='bbox 1139 4128 1272 4193; x_wconf 85' lang='lat' dir='ltr'>regnum</span> 
     </span>
     <span class='ocr_line' id='line_1_41' title="bbox 251 4199 1271 4292; baseline -0.001 -27"><span class='ocrx_word' id='word_1_299' title='bbox 251 4199 477 4281; x_wconf 84' lang='lat' dir='ltr'>ostentabatur3</span> <span class='ocrx_word' id='word_1_300' title='bbox 492 4203 625 4273; x_wconf 87' lang='lat' dir='ltr'>sednon</span> <span class='ocrx_word' id='word_1_301' title='bbox 639 4203 773 4269; x_wconf 83' lang='lat' dir='ltr'>excessit</span> <span class='ocrx_word' id='word_1_302' title='bbox 781 4202 936 4289; x_wconf 86' lang='lat' dir='ltr'>Italiaper</span> <span class='ocrx_word' id='word_1_303' title='bbox 949 4200 1165 4292; x_wconf 88' lang='lat' dir='ltr'>duodeviginti</span> <span class='ocrx_word' id='word_1_304' title='bbox 1173 4203 1271 4266; x_wconf 85' lang='lat' dir='ltr'>annos</span> 
     </span>
    </p>
   </div>
   <div class='ocr_carea' id='block_1_3' title="bbox 0 0 1384 4874">
    <p class='ocr_par' dir='ltr' id='par_1_8' title="bbox 0 0 1384 4874">
     <span class='ocr_line' id='line_1_42' title="bbox 0 0 1384 4874; baseline 0 2"><span class='ocrx_word' id='word_1_305' title='bbox 0 0 1384 4874; x_wconf 95' lang='lat' dir='ltr'> </span> 
     </span>
    </p>
   </div>
  </div>
 </body>
</html>
