2760 4874
379 376 587 436 ANNALIUM
600 376 674 432 LIB.
689 375 753 435 XV.
771 378 891 432 68-72.
1082 363 1145 429 315
1336 420 1360 493 ⁴

122 470 236 521 aenas.
1269 499 1279 508 ,
1351 502 1355 509 ,

183 538 280 602 Exim
302 535 427 600 Annaei
450 536 575 599 Lucani
600 534 729 598 caedem
751 535 891 619 imperat.
918 534 946 599 is
972 534 1145 619 profluente
1165 553 1197 602 70
1269 590 1274 595 .

122 632 272 717 sanguine
294 630 350 694 ubi
371 629 540 714 frigescere
561 628 658 713 pedes
681 649 855 710 manusque
882 636 913 702 et
933 627 1084 712 paulatim
1105 624 1145 693 ab
1267 562 1334 735 ι

121 725 267 791 extremis
286 725 396 788 cedere
420 723 562 808 spiritum
585 722 828 788 fervido-adhuc
850 731 881 786 et
899 731 1042 807 compote
1059 744 1147 785 men-

121 821 160 884 tis
178 828 304 904 pectore
321 817 482 904 intellegit,
501 817 681 882 recordatus
695 839 820 881 carmen
838 840 858 881 a
876 838 909 881 se
928 816 1144 901 compositum,

121 936 183 996 quo
204 913 400 977 volneratum
425 912 555 978 militem
580 933 638 995 per
664 911 818 976 eiusmodi
842 911 951 975 mortis
977 911 1146 996 imaginem

121 1007 225 1071 obisse
243 1006 419 1082 tradiderat,
438 1028 549 1070 versus
566 1005 653 1090 ipsos
671 1005 802 1082 rettulit,
821 1017 920 1087 eaque
938 1005 983 1068 illi
1002 1026 1147 1089 suprema

121 1124 188 1165 vox·
201 1100 269 1164 fuit.
295 1098 427 1165 Senecio
445 1099 577 1185 posthac
595 1109 626 1163 et
636 1097 826 1180 Quintianus
845 1108 876 1162 et
892 1097 1065 1164 Scaevinus
1082 1121 1146 1162 non

120 1217 161 1258 ‚ex
178 1195 279 1279 priore
296 1194 379 1258 vitae
397 1193 535 1270 mollitia,
554 1216 628 1257 mox
645 1193 756 1276 reliqui
775 1193 1004 1257 coniuratorum
1016 1192 1145 1278 periere,

121 1287 206 1351 nullo
224 1287 308 1351 facto
326 1288 449 1352 dictove
468 1288 680 1351 memorando.

186 1380 253 1447 Sed
266 1381 415 1465 compleri
432 1382 557 1445 interim
570 1381 645 1445 urbs
659 1381 832 1458 funeribus,
853 1379 1045 1466 Capitolium
1058 1380 1147 1444 victi·
1166 1397 1195 1442 71

121 1477 195 1553 mis3
214 1476 293 1540 alius
311 1475 385 1550 filio,
404 1475 499 1539 fratre
518 1475 597 1540 alius
612 1484 666 1539 aut
679 1476 853 1560 propinquo
868 1485 922 1539 aut
935 1475 1037 1539 amico
1050 1475 1147 1538 inter-

121 1570 221 1646 sectis
240 1591 333 1655 agere
341 1584 446 1656 grates
457 1570 533 1648 deis,
553 1592 662 1634 ornare
671 1561 761 1634 lauru
771 1571 908 1646 domum,
928 1592 1032 1656 genua
1045 1569 1146 1654 ipsius

121 1663 246 1728 advolvi
265 1672 296 1727 et
313 1664 455 1728 dextram
473 1664 588 1729 osculis
607 1663 862 1750 fatigare.·atque
880 1664 932 1728 ille
950 1663 1101 1750 gaudium
1114 1662 1147 1726 id

122 1760 251 1822 credens
269 1756 402 1823 Antonii
418 1758 539 1822 Natalis
559 1767 590 1822 et
604 1756 746 1823 Cervarii
759 1758 886 1824 Proculi
903 1759 1051 1823 festinata
1065 1757 1147 1821 indi-

122 1852 170 1914 cia
186 1852 601 1934 inpunitate'remuneratur3
618 1851 770 1916 Milichus
783 1852 929 1936 praemiis
944 1852 1059 1916 ditatus
1074 1873 1147 1915 con-

123 1945 287 2008 servatoris
299 1945 357 2008 sibi
367 1967 489 2019 nomen,
510 1943 632 2010 Graeco
642 1947 708 2009 eius
719 1946 765 2009 rei
774 1945 935 2022 vocabulo,
955 1945 1146 2029 adsumpsit3

123 2062 140 2102 e
158 2038 288 2123 tribunis
308 2036 428 2103 Gavius
445 2037 603 2116 Silvanus,
621 2040 769 2122 quamvis
784 2039 957 2116 absolutus
977 2063 1035 2104 sua
1051 2061 1147 2102 manu

84 2199 91 2212 Ι
122 2131 247 2208 cecidit,
276 2129 396 2215 Statius
419 2131 598 2204 Proxumus
615 2133 763 2210 veniam,
781 2155 876 2216 quam
899 2132 939 2197 ab
961 2133 1147 2217 imperatore

123 2235 293 2311 acceperat,
312 2226 449 2290 vanitate
468 2227 570 2307 exitus
589 2228 735 2313 corrupit.
755 2229 841 2292 exuti
858 2227 971 2292 dehinc
988 2227 1147 2292 tribunatu

123 2319 354 2405 ”Pompeius
374 2319 541 2385 Cornelius
558 2321 723 2398 Martialis,
741 2321 871 2387 Flavius
889 2321 1006 2407 Nepos,
1027 2320 1147 2387 Statius

122 2415 291 2490 Domitius,
306 2414 396 2496 quasi
409 2415 582 2500 principem
596 2438 660 2479 non
673 2416 801 2498 quidem
815 2416 963 2493 odissent,
979 2416 1035 2480 sed
1044 2425 1148 2479 tamen

123 2508 386 2584 existimarentur3
413 2507 515 2572 Novio
532 2508 643 2573 Prisco
669 2530 726 2593 per
748 2509 915 2573 amicitiam
935 2508 1089 2585 Senecae,
1117 2520 1148 2573 et

125 2600 221 2666 Glitio
241 2599 334 2666 Gallo
358 2611 450 2684 atque
469 2600 579 2666 Annio
594 2601 731 2667 Pollioni
753 2602 912 2667 infamatis
934 2603 1035 2688 magis
1054 2625 1148 2685 quam

124 2696 273 2760 convictis
300 2696 373 2758 data
394 2696 505 2773 'exilia3
536 2696 680 2761 Priscum
695 2695 836 2761 'Artoria
863 2697 1010 2762 Flaccilla
1035 2697 1149 2762 coniux

124 2790 269 2854 comitata
287 2798 344 2867 est,
365 2787 493 2855 Gallum
510 2790 649 2877 Egnatia
662 2791 852 2868 Maximilla,
871 2792 994 2878 magnis
1012 2792 1147 2877 primum

124 2894 155 2948 et
171 2884 300 2970 integris
314 2883 449 2969 opibus,
476 2894 548 2969 post
566 2886 719 2971 ademptis
725 2911 734 2965 ;
762 2908 842 2969 quac
865 2895 995 2970 utraque
1017 2886 1148 2972 gloriam

124 2979 190 3042 eius
209 3001 333 3044 auxere.
361 2979 486 3064 pellitur
503 2988 534 3042 et
551 2979 664 3048 Rufius
684 2979 864 3065 Crispinus,
893 2981 1057 3045 occasione
1075 3001 1149 3044 con-

123 3073 298 3149 iurationis,
327 3073 383 3136 sed
400 3073 517 3139 Neroni
538 3074 658 3138 invisus
681 3075 767 3157 quod
784 3074 968 3159 Poppaeam
990 3072 1148 3156 quondam

124 3166 320 3238 matrimonio
334 3175 482 3248 tenuerat.
501 3166 687 3252 Verginium
701 3170 833 3231 Flavum
851 3179 879 3231 et
890 3168 1065 3231 Musonium
1083 3166 1150 3230 Ru-

124 3258 193 3322 fum
211 3258 361 3322 claritudo
383 3260 519 3324 nominis
538 3261 670 3344 expulit:
696 3284 771 3324 nam
787 3259 957 3345 Verginius
981 3260 1085 3325 studia
1102 3260 1150 3323 iu-

126 3375 241 3416 venum
254 3353 439 3435 eloquentia,
458 3352 626 3419 Musonius
640 3354 814 3439 praeceptis
829 3353 998 3438 sapientiae
1011 3352 1148 3418 fovebat.

127 3445 313 3512 Cluvidieno
328 3444 454 3527 Quieto,
472 3446 554 3511 Iulio
563 3446 737 3534 Agrippae,
756 3447 852 3512 Blitio
864 3446 1020 3524 Catulino,
1038 3446 1149 3511 Petro-

125 3543 178 3606 nio
198 3541 323 3617 Prisco,
349 3541 431 3606 Iulio
452 3540 576 3620 Altina,
607 3543 693 3608 velut
718 3544 752 3607 in
778 3565 892 3628 agmen
918 3551 949 3607 et
973 3564 1148 3619 numerum,

125 3636 248 3722 Aegaei
256 3636 351 3701 maris
364 3636 485 3721 insulae
496 3637 727 3721 permittuntur.
747 3646 779 3700 at
789 3635 943 3714 Caedicia,
962 3659 1043 3700 uxor
1053 3634 1149 3701 Scae·

126 3730 200 3806 vini,
219 3740 250 3794 et
264 3728 438 3795 Caesonius
447 3729 608 3796 Maximus
626 3731 719 3797 Italia
735 3729 947 3816 prohibentur,
965 3752 1036 3795 reos
1050 3729 1149 3797 fuisse

127 3845 162 3886 sc
188 3831 309 3887 tantum
333 3845 435 3908 poena
457 3825 585 3910 experti.
612 3825 729 3902 Acilia,
756 3833 856 3889 mater
872 3822 998 3889 Annaei
1014 3823 1148 3901 Lucani,

128 3916 194 3980 sine
212 3916 416 3995 absolutione,
437 3919 503 3983 sine
522 3919 675 4005 supplicio
692 3918 897 3984 dissimulata.

192 4009 317 4092 Quibus
342 4014 526 4098 perpetratis
553 4013 637 4079 Nero
663 4024 694 4078 et
720 4013 862 4078 contione
884 4013 1016 4077 militum
1042 4012 1148 4078 habita
1168 4033 1198 4083 72

127 4104 202 4170 bina
218 4128 382 4171 nummum
399 4107 484 4173 milia
501 4107 617 4172 viritim
634 4106 879 4194 manipularibus
893 4107 999 4174 divisit
1015 4107 1149 4176 addidit-
