2760 4874
420 264 626 325 ANNALIUM
643 267 716 322 LIB.
730 268 768 323 Π,
786 269 906 324 48-52.
1131 258 1174 323 65

141 372 164 410 p.
174 357 217 400 on
227 359 265 398 rr.

142 428 256 492 divum
272 421 459 512 Augustum
481 445 518 489 ac
535 423 697 489 Tiberium
718 434 750 490 et
771 435 901 490 matrem
923 427 991 492 eius
1013 427 1172 494 inlusisset

144 519 342 603 Caesarique
360 539 501 583 connexa
513 517 664 583 adulterio
682 527 846 596 teneretur,
866 520 1036 586 maiestatis
1054 523 1173 588 delator

145 611 339 680 arcessebat.
361 611 402 677 de
415 611 565 678 adulterio
580 612 656 677 satis
674 613 778 677 caveri
790 612 954 699 loge'Iulia
971 614 1088 680 visum:
1106 640 1173 681 ma-

144 707 267 774 iestatis
285 705 405 772 crimen
422 705 573 792 distingui
591 704 710 771 Caesar
726 706 896 792 postulavit
913 707 1125 791 damnarique,
1145 711 1172 774 si

145 801 267 886 quade
284 798 436 887 Augusto
456 799 633 886 inreligiose
651 800 796 878 disisam
818 800 852 864 in
869 823 904 865 se
924 801 1006 865 iacta
1026 802 1109 866 nolle
1131 803 1172 867 ad

146 896 359 984 cognitionem
372 894 486 959 vocari.
508 894 716 981 interrogatus
729 917 749 959 a
762 894 889 959 consule
906 894 983 979 quid
996 895 1035 960 de
1047 895 1086 959 iis
1099 916 1172 960 cen-

146 1000 228 1056 serat
245 1011 328 1074 quae
345 988 385 1054 de
402 997 502 1053 matre
519 987 586 1053 eius
598 989 704 1054 locuta
716 1010 807 1054 secus
826 998 1015 1074 argueretur,
1033 989 1170 1065 reticuit3

145 1085 218 1150 dein
235 1083 381 1169 proximo
403 1092 529 1147 senatus
547 1083 598 1146 die
619 1081 702 1147 illius
721 1103 845 1166 quoque
866 1082 991 1147 nomine
1014 1082 1115 1146 oravit
1130 1104 1170 1146 ne

145 1179 196 1243 cui
212 1177 313 1243 verba
329 1177 362 1241 in
380 1198 450 1241 eam
467 1197 592 1260 quoquo
614 1177 707 1241 modo
724 1174 832 1242 habita
853 1175 973 1240 crimini
994 1175 1111 1254 forent3
1133 1175 1171 1239 li-

145 1270 329 1355 beravitque
345 1268 515 1355 Apuleium
531 1269 602 1356 lege
624 1270 809 1334 maiestatis:
831 1269 974 1334 adulterii
994 1269 1169 1355 graviorem

144 1387 280 1453 poenam
297 1364 497 1450 deprecatus,
519 1374 555 1428 ut
572 1363 716 1450 exemplo
732 1364 885 1429 maiorum
901 1363 1084 1449 propinquis
1103 1364 1168 1429 suis

144 1459 225 1524 ultra
242 1457 493 1524 ducentesimum
513 1458 649 1543 lapidem
666 1468 877 1524 removeretur
894 1458 1005 1538 suasit;
1028 1458 1168 1523 adultero

143 1551 265 1618 Manlio
282 1552 375 1618 Italia
392 1561 485 1635 atque
502 1553 614 1616 Africa
631 1552 827 1617 interdictum
846 1560 902 1617 est.

205 1647 260 1713 De
278 1656 420 1732 praetore
438 1645 591 1713 inlocum
604 1646 751 1731 Vipstani
768 1645 862 1723 Galli,
881 1669 976 1731 quem
993 1670 1076 1713 mors
1094 1645 1167 1712 abs·
1185 1668 1215 1715 51

144 1741 270 1819 tulerat,
290 1739 490 1828 subrogando
510 1750 666 1806 certamen
682 1741 823 1806 incessite
848 1738 1054 1806 Germanicus
1072 1749 1166 1824 atque

143 1836 583 1902 Dmsus-nametiamtum
592 1836 712 1901 Romae
726 1835 1038 1900 erant—Haterium
1048 1833 1166 1921 Agrip-

142 1949 231 2013 pam,
256 1931 469 2016 propinquum
490 1927 683 2008 Germanici,
710 1929 872 1996 fovebant:
894 1942 1002 1995 contra
1025 1928 1165 2015 plerique

141 2023 322 2090 nitebantur
341 2033 377 2088 ut
393 2046 541 2090 numerus
558 2024 726 2091 liberorum
747 2025 781 2089 in
798 2024 971 2089 candidatis
992 2022 1166 2109 praepolle-

141 2127 197 2196 ret,
216 2117 303 2201 quod
315 2117 368 2181 lex
379 2116 516 2184 iubebat
538 2117 711 2183 laetabatur
729 2117 884 2194 Tiberius,
904 2140 975 2182 cum
987 2118 1067 2185 inter
1083 2116 1164 2179 filios

141 2213 209 2278 eius
228 2222 260 2277 et
277 2213 364 2299 leges
378 2224 505 2280 senatus
523 2215 723 2299 disceptaret:
743 2215 826 2278 victa
843 2213 971 2278 estsine
989 2211 1084 2277 dubio
1101 2211 1162 2288 lex,

141 2307 199 2371 sed
215 2328 318 2390 neque
331 2306 437 2373 statim
450 2317 481 2373 et
498 2309 606 2393 paucis
621 2308 788 2394 suffragiis,
807 2306 964 2392 quomodo
982 2306 1076 2372 etiam
1093 2327 1164 2370 cum

140 2401 283 2466 valerent
298 2401 386 2488 leges
403 2401 615 2469 vincebantur.

203 2494 330 2560 Eodem
347 2518 429 2561 anno
447 2507 590 2582 coeptum
608 2498 641 2564 in
657 2496 769 2563 Africa
786 2496 912 2573 bellum,
931 2496 1010 2560 duce
1026 2493 1165 2559 hostium
1182 2511 1214 2559 52

139 2589 356 2666 Tacfarinate;
373 2590 401 2654 is
418 2591 544 2656 natione
560 2590 711 2669 Numida,
728 2591 890 2656 incastris
907 2590 1058 2655 Romanis
1077 2590 1165 2653 auxi-

138 2683 229 2748 liaria
247 2683 401 2768 stipendia
421 2684 564 2763 meritus,
587 2708 661 2751 mox
682 2687 834 2762 desertor,
856 2708 956 2772 vagos
977 2685 1113 2771 primum
1134 2694 1165 2748 et

138 2777 310 2844 latrociniis
328 2786 434 2843 suetos
452 2779 494 2843 ad
514 2780 663 2864 praedam
681 2788 712 2844 et
732 2790 841 2866 raptus
863 2801 1068 2868 congregare,
1091 2779 1165 2844 dein

138 2891 227 2936 more
244 2871 373 2936 militiae
389 2894 446 2958 per
465 2873 580 2938 vexilla
597 2883 628 2938 et
645 2883 764 2939 turmas
785 2896 983 2959 componere,
1006 2885 1164 2959 postremo

138 2988 204 3030 non
220 2965 397 3031 inconditae
411 2965 519 3032 turbae
538 2968 594 3032 sed
606 2967 868 3033 Musulamiorum
886 2969 951 3032 dux
968 2967 1090 3047 haberi3
1108 2991 1164 3033 va·

137 3059 205 3125 lida
230 3081 269 3124 ea
293 3080 372 3146 gens
399 3069 430 3125 et
456 3060 674 3126 solitudinibus
700 3060 829 3127 Africae
854 3062 1043 3147 propinqua,
1075 3061 1162 3126 nullo

138 3154 236 3218 etiam
257 3162 324 3218 tum
346 3153 470 3220 urbium
492 3155 590 3232 cultu,
613 3155 695 3241 cepit
716 3179 803 3220 arma
823 3155 1016 3239 Maurosque
1038 3155 1160 3219 accolas

137 3249 172 3314 in
189 3248 308 3314 bellum
325 3249 427 3314 traxit
450 3251 516 3315 dux
533 3251 644 3328 ethis,
663 3251 827 3336 Mazippa;
845 3250 1026 3332 divisusque
1044 3248 1161 3312 exerci-

138 3354 206 3422 tus,
232 3352 269 3407 ut
290 3342 473 3409 Tacfarinas
495 3344 592 3410 lectos
619 3345 702 3409 viros
725 3354 756 3409 et
776 3345 953 3409 Romanum
975 3342 1008 3405 in
1033 3341 1161 3405 modum

138 3445 277 3502 armatos
299 3438 408 3502 castris
426 3438 582 3516 attineret,
606 3438 769 3524 disciplina
787 3447 818 3503 et
835 3437 972 3523 imperiis
995 3445 1160 3513 suesceret,

138 3529 291 3616 Mazippa
304 3531 366 3595 levi
384 3554 456 3596 cum
468 3533 559 3618 copia
571 3533 714 3598 incendia
727 3541 758 3597 et
775 3532 887 3597 caedes
902 3539 933 3595 et
945 3541 1093 3595 terrorem
1103 3528 1162 3593 cir—

138 3624 316 3690 cumferret.
352 3626 614 3712 conpulerantque
641 3625 809 3702 Cinithios,
840 3624 925 3690 haud
954 3623 1161 3710 spernendam

137 3718 311 3796 nationem,
333 3719 367 3783 in
389 3721 512 3798 eadam,
536 3744 609 3786 cum
630 3721 745 3785 Furius
765 3719 931 3796 Camillus,
953 3740 1010 3804 pro
1032 3720 1160 3784 consule

137 3810 283 3889 Africae,
305 3812 461 3900 legionem
483 3824 514 3880 et
531 3815 616 3899 quod
637 3815 696 3881 sub
719 3815 817 3902 signis
841 3814 996 3879 sociorum
1012 3813 1045 3878 in
1062 3835 1160 3878 unum

137 3907 311 3973 conductos
328 3909 370 3973 ad
386 3910 509 3975 hostem
526 3910 627 3987 duxit,
646 3909 801 3974 modicam
817 3932 959 3986 manum,
978 3907 1005 3974 si
1021 3909 1159 3974 multitu-

137 4001 245 4068 dinem
261 4002 468 4070 Numidarum
489 4013 582 4090 atque
604 4004 788 4070 Maurorum
811 4013 981 4092 spectares3
1005 4004 1061 4071 sed
1076 4005 1158 4070 nihil

195 4117 271 4164 Taciti
281 4121 322 4164 ool.
334 4120 350 4164 l.
536 4166 538 4170 ,
954 4113 986 4170 “5
