2760 4874
198 368 262 435 ‘238
550 376 732 435 CORNELII
745 376 878 433 Tact'rt

1134 473 1232 512 anm

197 552 228 605 et
246 538 347 604 obviis
366 538 495 603 vulnera
508 536 666 613 inferrent,
685 535 837 601 adversus
854 536 992 623 ignaros
1010 537 1105 616 adeo,
1124 549 1160 603 ut
1176 540 1234 625 ipse

197 655 322 719 quoqne
341 633 497 717 exciperet
515 631 597 695 ictus
615 642 646 695 et
664 652 717 695 ore
734 629 923 715 praeferret3
945 630 1070 697 deinde
1089 633 1146 697 ubi
1163 633 1235 700 Cae·

198 746 301 797 sarua
322 748 393 791 esse
414 728 469 810 qui
490 734 686 811 grassaretur
707 725 879 811 pernotuit,
904 726 1176 814 augebanturque
1195 731 1236 795 in-

198 818 295 888 inrlne
313 822 464 887 adversus
482 822 565 885 viros
580 820 776 903 feminasque
792 819 949 906 insignes,
970 831 1006 887 et
1024 823 1160 907 qnidam
1175 847 1237 910 per-

198 917 296 981 missa
318 916 415 981 semel
438 914 563 979 licentia
585 912 645 981 sub
667 913 794 980 nominc
815 912 954 981 Neronia
984 916 1084 982 inulti
1110 919 1236 1004 propriis
1333 982 1337 1007 ‚

198 1033 270 1075 curu
288 1009 391 1095 globis
409 1009 519 1073 eadem
536 1006 737 1087 exercebant,
760 1006 793 1072 ia
810 1008 943 1073 modurn
961 1011 1165 1097 captivitatis
1180 1036 1237 1078 nox
1327 1044 1331 1087 ς

198 1104 363 1191 agebatur3
388 1103 550 1187 Iuliusque
572 1101 745 1167 Montanus
769 1102 919 1167 senatorii
940 1104 1086 1185 ordinis,
1112 1106 1170 1173 sed
1190 1108 1237 1192 qui
1334 1160 1337 1181 ,

198 1200 338 1263 rrarrdum
360 1198 510 1261 honorem
533 1197 737 1282 capessisset,
760 1218 952 1283 congressus
975 1198 1066 1265 forte
1083 1222 1145 1287 per
1161 1210 1237 1266 tene-
1334 1184 1338 1229 ⁵

198 1292 271 1359 bras
290 1315 361 1357 cum
380 1293 529 1378 principe,
548 1292 623 1375 quia
640 1292 672 1357 ri
689 1301 893 1357 attentantem
912 1293 1035 1361 acriter
1051 1297 1236 1383 reppulerat,
1334 1298 1338 1305 '

198 1387 310 1453 deinde
320 1388 483 1473 adgnitum
496 1395 648 1464 oraverat,
662 1387 753 1470 quasi
765 1386 1002 1471 exprobrasset,
1017 1390 1105 1455 mori
1114 1392 1236 1456 adactm

199 1492 256 1547 cst.
279 1481 363 1546 Nero
382 1492 448 1545 tum
471 1482 656 1547 metuentior
673 1482 706 1545 iu
723 1490 884 1567 posterum
900 1480 1025 1548 milites
1046 1484 1111 1550 sibi
1130 1494 1163 1550 et
1178 1485 1236 1571 ple-

199 1598 312 1659 rosque
330 1576 519 1661 gladiatores
538 1576 755 1654 circumdedit,
773 1574 828 1658 qui
844 1574 986 1641 rixarum
1006 1575 1104 1644 initia
1120 1580 1237 1645 modica

198 1679 229 1733 ct
242 1670 332 1752 quasi
346 1670 467 1754 privata
481 1670 631 1735 sinerent:
646 1670 673 1735 si
686 1693 706 1734 a
718 1669 812 1734 laesis
825 1668 961 1735 validius
975 1682 1144 1757 ageretur,
1158 1696 1237 1739 mma

199 1762 383 1829 inferebant.
411 1763 563 1830 ludicram
581 1786 706 1849 quoque
724 1763 881 1830 licentiam
898 1774 931 1830 et
949 1765 1099 1833 lautores
1118 1768 1237 1833 histrio

198 1881 274 1923 num
296 1858 382 1923 velut
404 1858 437 1921 in
454 1859 573 1943 proelia
595 1857 749 1924 convertit
769 1858 944 1945 inpunitate
966 1869 1000 1924 et
1022 1862 1181 1946 praemiis
1196 1871 1238 1927 at·

199 1965 260 2027 que
278 1944 345 2029 ipse
364 1944 504 2010 occultus
524 1955 555 2009 ct
571 1944 756 2029 plerumque
773 1966 879 2009 coram
895 1956 1124 2031 prospectans,
1144 1949 1237 2013 donee
1334 1960 1338 1981 ¹

199 2038 335 2104 discordi
356 2039 473 2124 populo
496 2049 527 2103 et
548 2039 701 2125 gravioris
724 2048 827 2104 motus
851 2047 968 2103 terrore
990 2062 1060 2105 non
1083 2042 1175 2107 aliud
1193 2064 1236 2107 re-

199 2133 337 2198 medium
350 2144 506 2218 repertum
521 2142 578 2210 est,
597 2155 691 2217 quam
705 2143 740 2198 ut
752 2132 919 2199 histriones
937 2132 1035 2199 Italia
1047 2136 1237 2221 pellerentur

199 2228 353 2312 milesque
370 2228 491 2292 theatro
509 2250 633 2293 rursum
651 2228 817 2293 adsideret.

149 2342 181 2393 aa
263 2322 327 2386 Per
343 2320 426 2386 idem
445 2330 568 2406 tempus
591 2332 696 2387 actam
712 2322 746 2386 in
763 2329 875 2387 senatu
895 2320 936 2386 de
954 2320 1130 2390 fraudibus
1148 2324 1237 2391 liber-

200 2426 312 2492 torum,
331 2414 600 2500 efflagitatumque
618 2426 653 2479 ut
670 2416 822 2480 adversus
839 2414 922 2479 male
935 2416 1069 2483 meritos
1087 2440 1237 2484 revoean-
1335 2488 1341 2511 ⁴

200 2510 259 2575 dae
276 2510 427 2575 libertatis
445 2510 494 2574 ius
512 2509 650 2594 patronis
670 2510 809 2586 daretur3
828 2530 886 2573 aec
903 2508 1036 2575 deerant
1054 2512 1113 2595 qui
1132 2534 1237 2578 cense-
1338 2534 1341 2545 ·

200 2614 283 2681 rent;
311 2604 367 2668 sed
393 2603 537 2668 consules
564 2603 746 2668 relationem
771 2603 908 2688 incipere
935 2625 1001 2669 non
1025 2606 1102 2669 ansi
1128 2606 1236 2693 ignaro

200 2698 353 2783 principe,
371 2698 579 2782 perscripsere
598 2707 702 2762 tamen
720 2719 909 2762 consensum
927 2707 1075 2765 senatus:
1095 2699 1149 2764 ille
1170 2698 1235 2786 [an]
1339 2762 1345 2789 ¹

201 2800 310 2853 auctor
331 2791 559 2855 constitutionis
581 2791 682 2868 fieret,
709 2800 744 2855 ut
765 2791 846 2855 inter
865 2812 985 2876 paucos
1008 2794 1040 2856 ei
1063 2794 1236 2858 sententiae
1340 2830 1343 2843 =

202 2883 350 2946 adversos
378 2883 566 2964 quibusdam
593 2886 737 2952 coalitam
762 2885 905 2950 libertate
930 2885 1181 2953 inreverentiam
1201 2911 1236 2952 eo
1341 2966 1344 2973 Ι

201 2975 380 3060 prorupisse
407 2976 626 3056 frementibus,
654 2991 687 3043 ut
708 2979 781 3043 vine
803 3002 844 3042 aa
866 3000 967 3061 aequo
993 3001 1069 3044 eum
1096 2982 1235 3067 patronis

201 3069 269 3133 iure
291 3080 420 3155 agerent
444 3067 646 3156 [sententiam
667 3070 789 3157 eorum]
809 3072 1024 3137 consultarent
1041 3096 1082 3137 ac
1101 3074 1236 3140 verberi·

202 3162 261 3229 bus
271 3188 382 3229 maniis
393 3165 473 3229 ultro
487 3167 696 3242 intenderent3
710 3166 855 3251 impetere
865 3166 914 3230 vel
923 3187 1060 3250 poenam
1071 3191 1166 3233 suam
1175 3169 1235 3234 dis-

203 3260 384 3337 suadentes3
403 3260 480 3342 quid
494 3260 576 3323 enim
590 3260 674 3324 aliud
687 3259 773 3325 laeso
786 3269 917 3344 patrono
931 3281 1123 3327 concessum
1142 3284 1235 3349 quam
1341 3330 1344 3339 ,

202 3363 238 3418 ut
259 3355 464 3419 centesimum
486 3355 567 3418 ultra
591 3354 728 3438 lapidem
753 3354 787 3417 in
809 3376 896 3418 oram
919 3353 1119 3438 Campaniae
1145 3355 1234 3420 liber-

203 3462 269 3512 tum
287 3449 423 3534 releget?
441 3458 559 3512 ceteras
573 3448 711 3512 actiones
724 3448 897 3532 promiscas
916 3457 947 3512 et
963 3469 1057 3532 pares
1077 3471 1165 3514 esse:
1184 3448 1234 3512 tri-

203 3544 362 3609 buendum
377 3543 503 3625 aliquod
516 3543 611 3606 telum
621 3542 705 3625 quod
714 3542 819 3627 sperni
828 3553 977 3624 nequeat;
990 3563 1050 3606 nee
1058 3565 1159 3628 grave
1171 3565 1234 3606 ma·

203 3638 351 3702 numissis
361 3639 508 3723 peridem
518 3636 703 3720 obsequium
717 3636 871 3700 retinendi
883 3635 1070 3713 libertatem,
1084 3658 1144 3721 per
1152 3634 1233 3720 quod

204 3732 344 3796 adsecuti
359 3733 419 3796 sint
424 3757 432 3810 3
447 3742 478 3797 at
492 3733 655 3796 eriminum
668 3730 852 3795 manifestos
871 3730 980 3794 merito
995 3730 1037 3794 ad
1051 3731 1232 3795 servitutem
1342 3778 1345 3815 ;

203 3827 328 3903 retrahi,
343 3836 377 3890 ut
386 3838 473 3918 metu
482 3836 682 3892 coerceantur
690 3847 768 3908 qnos
779 3824 930 3891 beneficia
939 3847 1003 3889 non
1012 3825 1231 3889 mutavissent.

153 3939 184 3986 27
268 3920 492 3985 Disserebatur
505 3931 626 3986 eontra:
644 3942 815 4005 paucorum
828 3919 952 4004 culpam
970 3918 1049 4003 ipsis
1069 3919 1231 3983 exitiosam

205 4035 275 4077 esse
298 4013 425 4092 debere;
448 4015 524 4079 nihil
546 4016 763 4080 universorum
780 4014 839 4078 iuri
862 4012 1093 4098 derogandum:
1117 4012 1230 4098 quippe

205 4106 266 4169 late
288 4106 393 4169 fusum
420 4107 453 4171 id
474 4130 585 4193 corpus
592 4135 600 4187 3
627 4109 700 4173 hinc
726 4110 909 4194 plerumque
935 4106 1049 4182 tribus,
1078 4107 1229 4181 decurias,
