2760 4874
333 387 962 463 ANNAL1UMLIB.VI.15-18.(9-12.)
1098 378 1157 443 161
1244 448 1248 455 ,

137 493 159 531 p.
169 480 211 521 Ch.
220 481 252 520 32.

137 557 309 631 necataque
327 556 375 611 est
393 568 470 610 anus
489 545 588 622 Vitia,
616 545 699 610 Fufii
719 543 845 610 Gemini
867 556 978 623 mater,
1002 549 1087 632 quod
1105 549 1161 613 filii

136 664 246 709 necem
263 641 411 705 flevisset.

201 736 292 800 Haec
310 734 394 820 apud
408 743 559 799 senatum.
578 755 636 797 nec
650 755 740 798 secus
755 734 839 818 apud
855 735 1027 820 principem
1040 734 1161 801 Vescu-

136 830 233 894 larius
250 830 385 892 Flaccus
408 849 445 891 ac
467 827 566 891 Iulius
584 827 729 892 Marinus
751 828 792 891 ad
813 825 945 892 mortem
967 838 1116 915 aguntur,
1143 853 1161 895 e

137 1016 303 1094 individui,
330 1014 533 1081 Vescularius
555 1015 738 1079 insidiarum
764 1016 797 1079 in
818 1014 975 1080 Libonem
1001 1017 1047 1081 int
1035 1026 1161 1081 temun·

138 1111 216 1174 tiusr
236 1109 363 1174 Marino
381 1108 532 1194 participe
551 1106 686 1174 Seianus
706 1109 851 1174 Curtium
868 1108 935 1174 Art
915 1120 1009 1174 trcum
1033 1134 1161 1196 oppres-

139 1214 237 1353 sera&
228 1226 326 1288 ,quo
347 1203 459 1268 laetius
482 1212 646 1289 acceptum
668 1227 727 1268 sua
748 1204 946 1291 exemplam
968 1206 1160 1272 consultores

137 1311 201 1354 reci
235 1308 296 1355 sse.

202 1381 266 1447 Per
281 1383 396 1447 idemt
383 1392 507 1468 tempus
521 1382 562 1447 L.
572 1382 649 1448 Piso
666 1383 817 1467 pontifex,
836 1406 941 1448 rarum
953 1385 987 1448 in
999 1394 1086 1449 tanta
1098 1385 1161 1450 cla-

137 1477 281 1554 ritudine,
295 1475 361 1540 fato
370 1475 456 1552 obiit,
471 1476 586 1541 nullius
602 1477 722 1543 servilis
733 1478 904 1542 sententiae
918 1486 1029 1562 sponte
1042 1488 1159 1556 auctor,

138 1570 173 1635 et'
187 1571 330 1654 quotiens
348 1570 520 1635 necessitas
537 1570 708 1656 ingrueret,
728 1571 884 1655 sapienter
900 1572 1080 1650 moderans3
1107 1595 1162 1658 pa-

138 1675 218 1728 trem
240 1665 269 1729 ei
295 1665 471 1730 censorium
496 1663 596 1728 fuisse
618 1665 802 1742 memoravi3
832 1674 918 1730 aetas
941 1666 981 1729 ad
1007 1667 1162 1752 octogesi-

137 1781 225 1822 mum
242 1781 360 1822 annum
376 1757 543 1844 processit3
562 1758 657 1823 decus
676 1757 862 1844 triumphale
878 1759 912 1823 in
925 1759 1080 1825 Thraecia
1096 1782 1163 1825 me-

137 1861 255 1931 ruerat3
279 1853 335 1918 sed
351 1852 520 1937 praecipua
537 1874 577 1916 ex
594 1874 632 1916 eo
650 1852 763 1938 gloria,
790 1852 875 1936 quod
895 1853 1073 1939 praefectus
1091 1854 1162 1918 urbi

137 1968 247 2011 recens
265 1956 336 2010 cont
324 1946 443 2010 tinuam
459 1954 595 2030 potestat
596 1968 646 2013 em
664 1955 696 2010 et
683 1945 877 2011 tinsolentia
892 1947 1022 2032 parendi
1039 1949 1162 2033 gravio-

137 2060 206 2105 rem
223 2040 300 2105 mire
317 2041 510 2126 temperavit.

202 2132 345 2217 Namque
363 2145 417 2198 ant
417 2157 455 2199 ea
475 2135 605 2244 profect
596 2159 623 2200 rs
584 2136 740 2200 tdomo
760 2135 888 2245 regibus
911 2158 948 2201 ac
965 2159 1040 2202 mox
1057 2135 1210 2252 magi-(11¹⁷
1229 2170 1232 2175 ·

139 2227 301 2306 stratibus,
320 2249 360 2293 ne
376 2227 496 2294 urbs
471 2250 537 2293 sine
555 2229 684 2314 imperio
702 2229 819 2306 foret,
810 2252 844 2293 m
861 2237 983 2314 tempus
1002 2199 1193 2316 ι]ο1ἱ,ςοιιιι-(1

138 2333 190 2387 tur
210 2322 265 2406 qui
285 2322 335 2386 ius
352 2323 496 2387 redderet
483 2331 554 2386 tac
577 2322 688 2387 subitis
710 2323 902 2401 mederetur;
928 2323 1094 2407 feruntque
1120 2324 1161 2390 ab

138 2416 274 2481 Romulo
290 2415 445 2480 Dentrem
461 2416 661 2494 Romulium,
681 2426 753 2502 post
770 2416 810 2481 ab
829 2372 922 2482 Tullo
939 2417 1079 2483 Hostilio
1096 2418 1163 2482 Nu-

139 2533 224 2575 mam
240 2509 397 2574 Marcium
415 2520 447 2575 et
463 2510 503 2575 ab
522 2511 693 2594 Tarquinio
712 2508 857 2596 Superbo
876 2508 1026 2595 Spurium
1042 2512 1163 2576 Lucre-

139 2599 218 2669 tium
235 2604 397 2691 inpositos.
416 2604 489 2670 dein
506 2604 651 2670 consules
668 2603 873 2682 mandabant,
896 2604 1049 2688 duratque
1067 2605 1164 2687 simu·

140 2698 273 2775 lacrum,
295 2697 440 2781 quotiens
463 2697 504 2762 ob
521 2697 616 2762 ferias
633 2698 768 2762 Latinas
784 2697 963 2783 praeficitur
980 2699 1034 2781 qui
1051 2720 1164 2764 consu·

139 2792 205 2856 lare
230 2814 345 2856 munus
371 2801 511 2877 usurpet.
546 2801 684 2856 ceterum
710 2790 876 2878 Augustus
902 2792 993 2881 bellis
1019 2792 1163 2858 civilibus

142 2883 281 2949 Cilnium
297 2884 525 2962 Maecenatem,
544 2885 696 2968 equestris
714 2886 841 2964 ordinis,
860 2886 980 2953 cunctis
998 2887 1083 2972 apud
1099 2887 1164 2951 Ro-

141 3002 226 3045 mam
252 2989 346 3063 atque
371 2979 496 3044 Italiam
521 2981 715 3067 praeposuit3
750 3003 825 3047 mox
849 3003 954 3046 rerum
975 2982 1096 3067 potitus
1122 2980 1163 3046 ob

142 3068 390 3160 magnitudinem
415 3074 523 3160 populi
544 3096 581 3138 ac
603 3075 692 3139 tarda
716 3075 823 3160 legum
846 3075 961 3139 auxilia
987 3075 1121 3160 sumpsit
1146 3095 1164 3138 e

142 3166 357 3244 consularibus
375 3168 430 3251 qui
447 3178 603 3233 coerceret
620 3167 746 3233 servitia
763 3177 795 3232 et
807 3168 892 3255 quod
905 3168 1021 3232 civium
1034 3168 1166 3232 audacia

143 3261 315 3339 turbidum,
338 3263 401 3326 nisi
417 3263 481 3326 vim
499 3271 630 3329 metuat:
652 3262 835 3347 primusque
852 3259 994 3325 Messala
1007 3258 1164 3325 Corvinus

143 3378 214 3420 eam
231 3364 416 3441 potestatem
433 3350 465 3420 et
485 3377 603 3441 paucos
620 3356 702 3420 intra
719 3355 785 3419 dies
803 3353 898 3418 finem
915 3353 1048 3438 accepit,
1074 3352 1166 3436 quasi

142 3449 268 3515 nescius
286 3449 464 3528 exercendi3
488 3459 557 3526 tum·
570 3450 694 3514 Taurus
715 3447 867 3524 Statilius,
886 3468 1077 3530 quamquam
1093 3468 1166 3532 pro-

143 3553 234 3609 vecta
246 3552 357 3620 aetate,
376 3543 502 3630 egregie
520 3543 661 3609 toleravit
666 3568 676 3622 ;
695 3543 768 3608 dein
775 3542 852 3607 Piso
869 3541 982 3627 viginti
998 3562 1055 3625 per
1068 3563 1165 3605 annos

141 3638 259 3723 pariter
275 3636 387 3724 probat
387 3661 439 3716 us,
466 3637 592 3723 publico
610 3637 720 3769 funere
739 3659 779 3702 ex
796 3637 921 3701 decreto
940 3643 1068 3700 senatus
1086 3633 1167 3700 cele-

143 3734 214 3800 brat
202 3743 252 3799 tus
272 3743 329 3799 est

207 3827 355 3894 Relatum
372 3828 444 3893 inde
462 3829 502 3893 ad
519 3836 623 3913 patres
642 3850 661 3892 a
679 3826 886 3910 Quintiliano,
910 3825 1034 3891 tribuno
1052 3822 1164 3910 plebei,
1186 3826 1217 3876 18

144 3921 184 3986 de
200 3920 281 3987 libro
300 3920 454 4007 Sibyllae,
472 3943 567 4013 quem
586 3920 737 3986 Caninius
757 3919 869 3986 Gallus
887 3918 1166 4004 quindecimvirum
1179 3894 1221 3944 ‘¹⁹’

143 4015 242 4100 recipi
257 4016 338 4080 inter
355 4025 474 4081 ceteros
493 4016 632 4080 eiusdem
650 4015 730 4080 vatis
749 4024 780 4079 et
797 4037 835 4079 ea
852 4014 891 4079 de
904 4036 938 4079 re
952 4022 1079 4079 senatus
1092 4034 1167 4077 con·

145 4109 263 4177 sultum
279 4119 352 4195 post
339 4109 501 4176 tulaverat
524 4132 586 4194 quo
604 4131 660 4196 per
677 4109 900 4185 discessionem
918 4107 1003 4175 sacto
1016 4107 1101 4173 misit
1118 4106 1167 4171 lit-

200 4224 270 4270 Toer'tt
281 4227 320 4270 aot.
332 4225 348 4269 1.
709 4230 712 4235 '
959 4219 995 4274 ll
