2760 4874
248 501 258 510 ,
421 416 628 476 surarum
645 419 720 474 nm.
732 421 755 474 1.
769 420 891 498 Asa-55.
1126 407 1168 476 29

142 511 304 564 ammm

142 591 309 656 extorrem,
326 576 477 642 infamem
494 585 526 640 et
542 585 615 661 post
631 575 828 641 interfectum
845 577 1033 643 Postumum
1049 580 1167 667 Agrip-

141 697 215 760 pam
232 672 336 738 omnis
355 671 423 757 spei
436 692 568 756 egenam
581 670 687 755 inopia
704 691 741 734 ac
758 670 830 736 tabe
846 672 942 758 longa
953 675 1092 758 peremit,
1112 676 1167 740 ob-

142 789 267 832 scuram
288 765 357 830 fore
381 786 492 829 necem
512 763 739 850 longinquitate
761 764 846 828 exilii
867 775 963 830 ratus.
993 789 1051 851 par
1072 790 1167 832 causa

141 858 290 925 saevitiae
316 858 351 922 in
373 856 594 941 Sempronium
617 854 810 934 Gracchum,
837 859 891 941 qui
916 858 1035 924 familia
1059 860 1165 937 nobili,

141 953 250 1018 sollcrs
269 952 396 1038 ingenio
413 960 557 1036 etprave
579 950 749 1028 facundus,
773 953 903 1016 eandem
920 944 1034 1018 Iuliam
1051 955 1084 1018 in
1101 978 1167 1018 ma·

140 1046 285 1111 tumonio
298 1044 402 1109 Marci
414 1043 578 1130 Agrippae
591 1053 809 1122 temeraverat3
827 1067 885 1110 neo
898 1047 925 1111 is
943 1046 1063 1112 libidini
1080 1047 1165 1112 finis:

140 1138 287 1205 traditam
305 1137 432 1202 Tiberio
454 1138 602 1222 pervicax
624 1137 746 1202 adulter
771 1140 965 1204 contumacia
988 1150 1019 1204 et
1036 1140 1115 1205 odiis
1132 1142 1165 1205 in

140 1235 289 1298 maritum
306 1231 506 1307 accendebat,
524 1230 708 1314 litteraeque
725 1253 803 1315 quas
821 1232 903 1304 Iulia
919 1235 1000 1319 patri
1016 1233 1165 1321 Augusto

141 1351 213 1392 cum
234 1327 441 1392 insectatione
464 1324 583 1391 Tiberii
606 1327 743 1410 scripsit,
767 1349 786 1390 a
808 1325 952 1393 Graccho
974 1330 1165 1414 compositae

141 1421 361 1499 credebantur3
384 1421 480 1506 igitur
497 1429 619 1484 amotus
639 1418 818 1498 Cercinam,
841 1419 944 1486 Africi
966 1423 1060 1488 maris
1078 1423 1165 1488 insu-

62 1549 66 1556 ·
139 1515 218 1592 lam,
241 1515 490 1598 quattuordecim
512 1513 601 1578 armis
624 1513 751 1577 exilium
773 1514 929 1579 toleravit:
956 1525 1030 1580 tunc
1051 1517 1164 1581 milites

116 1625 125 1632 ··
140 1609 181 1672 ad
197 1608 328 1673 caedem
341 1608 429 1672 missi
441 1608 588 1672 invenere
605 1607 638 1670 in
650 1607 837 1691 prominenti
848 1607 947 1677 litoris
959 1610 1037 1674 nihil
1048 1610 1165 1675 laetum

139 1700 367 1787 opperientem3
394 1723 527 1785 quorum
549 1701 687 1765 adventu
712 1699 808 1766 breve
834 1711 958 1788 tempus
979 1704 1103 1789 petivit,
1129 1715 1165 1768 ut

140 1817 288 1880 suprema
310 1795 457 1859 mandata
478 1793 569 1858 uxori
585 1792 736 1860 Alliariae
757 1796 952 1880 perlitteras
974 1798 1076 1874 daret,
1098 1819 1165 1862 cer-

138 1889 303 1972 vicemque
328 1888 564 1973 percussoribus
591 1887 716 1965 obtulit,
747 1891 921 1956 constantia
946 1892 1054 1957 mortis
1079 1893 1164 1956 haud

138 1982 287 2069 indignus
307 1980 493 2068 Sempronio
515 1981 656 2047 nomine:
679 1983 743 2046 vita
759 1984 1009 2069 degeneraverat.
1037 1986 1164 2068 quidam

138 2099 203 2141 non
224 2076 328 2140 Roma
349 2098 403 2142 eos
425 2076 540 2140 milites
563 2077 620 2140 sed
641 2075 681 2140 ab
703 2077 744 2141 L.
763 2075 954 2162 Asprenate,
977 2080 1163 2164 proconsule

138 2167 283 2248 Africae,
310 2169 425 2234 missos
451 2170 619 2246 tradidere,
647 2179 773 2234 auctore
799 2170 940 2250 Tiberio,
967 2173 1021 2256 qui
1046 2173 1164 2237 famam

139 2263 245 2335 caedis
262 2255 408 2348 possein
424 2261 635 2347 Asprenatem
652 2264 731 2328 verti
748 2263 864 2328 frustra
882 2275 1069 2350 speraverat.
1087 2258 1090 2264 ’

203 2354 293 2420 Idem
312 2380 412 2421 annus
427 2380 526 2422 novas
541 2357 744 2422 caerimonias
758 2358 878 2442 accepit
890 2359 995 2422 addito
1010 2359 1162 2423 sodalium
1182 2381 1214 2428 or

137 2447 365 2536 Augustalium
383 2450 565 2526 sacerdotio,
583 2459 619 2514 ut
636 2450 794 2533 quondam
813 2451 851 2514 Τ.
867 2451 977 2516 Tatius
995 2451 1162 2520 retinendis
1258 2526 1262 2534 ,

139 2543 330 2609 Sabinorum
349 2543 444 2608 sacris
464 2544 587 2609 sodales
606 2543 707 2607 Titios
725 2543 914 2621 instituerat3
938 2554 1020 2609 sorte
1042 2545 1129 2608 ducti
1145 2568 1163 2610 e

137 2638 326 2723 primoribus
350 2639 484 2703 civitatis
501 2661 583 2702 unus
606 2647 637 2702 et
658 2637 784 2724 viginti3
807 2638 951 2704 Tiberius
974 2639 1162 2724 Drususque

138 2741 170 2796 et
188 2730 342 2796 Claudius
364 2742 396 2796 et
414 2729 621 2804 Germanicus
644 2732 828 2797 adiciuntur.
854 2733 945 2798 ludos
967 2732 1162 2820 Augustales

138 2835 214 2890 tunc
222 2825 357 2910 primum
367 2837 493 2912 coeptos
503 2826 639 2891 turbavit
647 2826 803 2891 discordia
816 2849 855 2891 ex
864 2828 1031 2894 certamine
1039 2828 1163 2894 histrio-

137 2942 215 2983 num
220 2944 229 2997 3
247 2919 418 2984 indulserat
429 2921 465 2985 >ei
481 2920 602 2984 ludicro
619 2918 800 3005 Augustus,
820 2922 895 2985 dum
912 2921 1090 2987 Maecenati
1107 2922 1164 2987 ob-

89 3069 93 3073 ,
137 3022 291 3098 temperat
308 3013 409 3079 effuso
426 3014 460 3078 in
477 3035 615 3079 amorem
632 3014 785 3098 Bathylli3
808 3037 909 3098 neque
926 3016 995 3101 ipse
1016 3015 1164 3081 abhorre-

137 3106 193 3171 bat
210 3105 325 3171 talibus
344 3107 467 3186 studiis,
492 3118 524 3172 et
545 3107 635 3172 civile
652 3107 783 3176 ¹rebatur
804 3110 929 3174 misceri
950 3109 1162 3195 voluptatibus

97 3204 100 3211 '
138 3199 240 3286 vulgi.
259 3200 320 3265 alia
335 3201 462 3267 Tiberio
475 3225 597 3267 morum
614 3202 679 3279 via3
699 3202 755 3266 sed
768 3203 919 3287 populum
932 3224 988 3289 per
1005 3213 1051 3268 tot
1064 3226 1162 3268 annos

137 3293 274 3358 molliter
289 3293 431 3359 habitum
448 3296 588 3361 nondum
605 3294 740 3360 audebat
757 3296 799 3359 ad
815 3296 939 3362 duriora
955 3306 1085 3362 vertere.

202 3387 312 3454 Druso
323 3387 475 3468 Crassus,
491 3389 529 3456 0.
539 3389 686 3456 Noanmo
701 3390 881 3456 consulibus
895 3391 1070 3455 decernitur
1084 3387 1164 3455 Ger·
1182 3412 1213 3458 55

137 3481 262 3547 manico
271 3482 446 3568 triumphus
455 3493 599 3548 manente
612 3483 709 3561 bell03
723 3484 809 3567 quod
823 3505 1013 3567 quamquam
1021 3484 1054 3546 in
1063 3493 1164 3548 aesta·

137 3585 203 3640 tem
221 3597 345 3651 summa
356 3577 568 3663 opeparabat,
586 3577 674 3642 initio
691 3578 773 3642 veris
791 3585 823 3642 et
838 3578 1001 3662 repentino
1017 3578 1050 3641 in
1065 3575 1162 3642 Chat-

118 3672 121 3676 ’
138 3678 187 3734 tos
197 3690 333 3734 excursu
344 3672 515 3756 praecepit3
529 3694 603 3736 nam
612 3694 684 3756 spes
693 3672 864 3736 incesserat
876 3671 1026 3736 dissidere
1039 3671 1162 3742 hostem
1194 3702 1209 3711 r·
1274 3672 1280 3681 “

136 3762 171 3825 in
192 3760 372 3829 Arminium
398 3787 435 3830 ao
458 3763 637 3850 Segestem,
663 3766 820 3850 insignem
845 3775 1011 3848 utrumque
1033 3764 1163 3850 perfidia

137 3856 172 3919 in
192 3879 251 3922 nos
269 3866 324 3922 aut
345 3858 421 3924 fide:
442 3857 606 3924 Arminius
629 3859 769 3924 turbator
787 3856 988 3937 Germaniae3
1012 3858 1162 3946 Segestes
1185 3944 1187 3947 Ι

64 3998 71 4009 .
138 3950 243 4033 parari
259 3949 461 4017 rebellionem
483 3974 576 4038 saepe
598 3951 675 4017 alias
693 3961 725 4016 ct
743 3974 889 4038 supremo
911 3953 1068 4032 convivio,
1090 3963 1163 4040 post

138 4042 225 4126 quod
241 4043 275 4107 in
292 4067 379 4109 arma
398 4046 492 4124 itum,
519 4046 640 4131 aperuit
661 4046 822 4130 suasitque
839 4044 925 4111 Var'o
943 4057 977 4111 ut
1000 4069 1033 4112 se
1052 4057 1084 4127 et
1099 4046 1162 4112 Ar-

62 4231 65 4238 ,
138 4136 270 4201 minium
288 4147 320 4203 et
337 4147 455 4205 ceteros
469 4161 613 4225 proceres
626 4138 769 4206 vinciret:
787 4139 864 4205 nihil
878 4163 1024 4207 ausuram
1037 4141 1161 4227 plebem
