2760 4874
119 350 163 475 tlt
229 390 291 455 124
340 470 344 477 p
576 397 758 457 corruam
771 395 905 452 'rrum

1140 489 1255 527 anm.

228 561 295 624 sore
321 558 432 644 pluris3
458 578 560 639 neque
582 555 665 619 aliud
692 553 852 640 gliscentis
877 553 1051 617 discordiae
1077 553 1254 618 remedium

229 677 324 737 quam
342 653 369 716 si
388 675 467 715 unus
486 652 601 714 alterve
618 649 754 712 maxime
771 648 906 732 prompti
924 646 1186 712 subverterentur.

180 769 210 817 18
294 745 366 827 Qua
388 767 483 809 eausa
502 743 539 808 C.
560 741 672 807 Silium
695 751 726 805 et
743 741 862 805 Titium
881 738 1035 806 Sabinum
1056 740 1253 827 adgreditur:

230 840 366 905 amicitia
388 837 567 903 Germanici
588 835 762 920 perniciosa
783 835 918 917 utrique,
944 832 1022 899 Silio
1045 842 1077 897 et
1097 833 1183 916 quod
1206 833 1255 897 in·

230 933 332 1019 gentis
358 931 512 996 exercitus
540 939 660 1014 septem
685 951 741 1012 per
767 949 864 991 annos
891 927 1066 992 moderator
1090 927 1254 1011 partisque

230 1026 314 1110 apud
339 1022 541 1090 Germaniam
563 1020 800 1106 triumphalibus
820 1018 1028 1085 Sacroviriani
1053 1019 1128 1084 belli
1153 1019 1256 1084 victor

229 1128 346 1202 quanto
372 1117 488 1182 maiore
510 1116 591 1180 mole
612 1115 798 1199 procideret,
824 1115 896 1198 plus
922 1114 1096 1179 formidinis
1117 1113 1151 1177 in
1173 1113 1253 1179 alios

231 1212 476 1298 dispergebatur.
500 1209 667 1275 credebant
684 1209 823 1294 plerique
841 1217 968 1273 auctam
981 1208 1187 1273 offensionem
1205 1208 1254 1291 ip-

230 1307 295 1370 sius
322 1305 571 1389 intemperantia,
598 1303 763 1368 immodice
785 1301 927 1366 iactantis
954 1322 1046 1366 suum
1066 1301 1197 1364 militem
1220 1300 1254 1363 in

230 1398 381 1482 obsequio
399 1394 574 1472 duravisse,
598 1417 670 1459 cum
687 1396 740 1459 alii
757 1395 801 1459 ad-
816 1395 982 1460 seditiones
1003 1394 1253 1479 prolaberentur;

230 1513 331 1574 neque
353 1512 536 1554 mansurum
554 1488 680 1554 Tiberio
702 1488 881 1573 imperium,
905 1489 932 1553 si
953 1489 991 1553 iis
1013 1509 1137 1571 quoque
1154 1487 1255 1574 legio-

229 1585 321 1650 nibus
345 1585 458 1669 cupido
475 1583 611 1647 novandi
631 1582 752 1647 fuisset.
782 1583 899 1648 destrui
916 1605 973 1669 per
994 1583 1072 1648 haec
1093 1582 1253 1647 fortunam

230 1700 319 1742 suam
339 1676 459 1741 Caesar
479 1676 681 1760 inparemque
704 1685 790 1741 tanto
812 1677 922 1742 merito
943 1676 1083 1755 rebatur3
1105 1699 1179 1740 nam
1195 1676 1254 1741 be-

228 1770 340 1833 neficia
357 1792 394 1833 eo
416 1790 516 1852 usque
533 1769 615 1832 laeta
633 1778 718 1845 sunt,
742 1770 817 1833 dum
839 1769 984 1834 videntur
1001 1769 1119 1834 exsolvi
1140 1791 1252 1855 posse:

182 1882 211 1930 19
230 1862 284 1927 ubi
306 1862 438 1926 multum
460 1870 657 1938 antevenere,
684 1883 741 1946 pro
763 1862 863 1947 gratia
884 1863 990 1927 odium
1006 1863 1154 1927 redditur.
1185 1872 1253 1927 erat

229 1979 309 2021 uxor
331 1954 409 2022 Silio
433 1953 526 2022 Sosia
548 1953 654 2032 Galla,
681 1955 807 2020 caritate
828 1954 1024 2042 Agrippinae
1045 1957 1146 2021 invisa
1166 1956 1253 2041 prin-

230 2050 301 2135 cipi.
328 2049 385 2113 hos
404 2049 530 2133 corripi,
550 2049 644 2113 dilato
662 2050 702 2114 ad
720 2057 843 2132 tempus
862 2047 996 2127 Sabino,
1019 2049 1182 2134 placitum3
1205 2050 1253 2112 in·

112 2181 122 2190 ..
229 2143 406 2226 missusque
415 2141 516 2206 Varro
530 2141 648 2219 consul,
664 2142 718 2225 qui
729 2150 874 2226 paternas
888 2143 1064 2208 inimicitias
1078 2142 1252 2208 obtendens

230 2236 309 2301 odiis
338 2234 444 2302 Seiani
469 2257 526 2320 per
550 2237 686 2300 dedecus
713 2258 812 2315 suum
830 2235 1070 2321 gratificabatur.
1104 2245 1252 2321 precante

230 2352 283 2394 reo
301 2330 428 2395 brevem
445 2351 577 2406 moram,
591 2330 676 2392 ‘dum
698 2338 860 2393 accusator
881 2330 1044 2394 consulatu
1062 2328 1173 2407 abiret,
1197 2330 1253 2393 ad-

231 2432 372 2491 versatus
396 2433 443 2488 est
466 2422 607 2488 Caesarr
625 2422 750 2487 solitum
771 2423 887 2508 quippe
911 2423 1146 2507 magistratibus
1168 2423 1253 2487 diem

230 2517 359 2601 privatis
382 2516 497 2594 dicere;
521 2539 579 2580 nec
600 2516 833 2602 infringendum
854 2517 990 2581 consulis
1008 2517 1071 2594 ius,
1095 2517 1184 2581 cuius
1207 2517 1253 2580 vi-

231 2610 313 2696 giliis
331 2610 479 2675 niteretur
500 2633 539 2674 ne
557 2611 642 2692 quod
659 2633 709 2674 res
731 2609 856 2695 publica
878 2611 1096 2685 detrimentum
1117 2618 1251 2694 caperet.

230 2704 391 2787 proprium
415 2704 448 2766 id
474 2703 601 2767 Tiberio
627 2702 688 2766 fuit
719 2702 836 2767 scelera
866 2725 965 2787 nuper
994 2712 1115 2788 reperta
1139 2703 1252 2787 priscis

231 2797 335 2860 verbis
367 2795 522 2880 obtegere.
557 2797 652 2881 igitur
677 2798 775 2861 multa
805 2792 1050 2875 adseveratione,
1082 2798 1172 2880 quasi
1199 2807 1252 2862 aut

231 2888 353 2974 legibus
364 2910 444 2951 *eum
459 2886 536 2953 Silio
554 2898 706 2974 ageretur,
726 2900 780 2954 aut
792 2889 892 2955 Varro
911 2892 1019 2956 consul
1037 2901 1090 2955 aut
1107 2892 1185 2954 illud
1201 2914 1252 2956 res

230 2980 357 3066 publica
374 2990 470 3058 esset,
494 2991 648 3066 cogrmtur
668 2992 787 3066 patres,
812 2984 921 3048 silente
942 3007 1010 3062 reo,
1032 2985 1083 3048 vel
1101 2985 1128 3048 si
1146 2985 1253 3049 defen-

232 3075 351 3139 sionem
376 3084 545 3159 coeptaret,
576 3098 640 3140 non
665 3078 841 3141 occultante
867 3078 955 3142 cuius
981 3079 1028 3142 ira
1052 3087 1251 3163 premeretur.

232 3168 421 3234 conscientia
445 3168 519 3233 belli
542 3167 688 3235 Sacrovir
713 3171 768 3234 diu
793 3170 1021 3249 dissimulatus,
1048 3172 1177 3236 victoria
1197 3194 1254 3256 per

232 3262 392 3325 avaritiam
414 3262 539 3327 foedata
561 3272 592 3328 et
613 3286 692 3328 uxor
715 3262 808 3329 Sosia
829 3263 1052 3349 arguebantur3
1079 3285 1137 3329 nec
1159 3264 1253 3329 dubie

231 3356 471 3439 repetundarum
484 3356 664 3421 criminibus
678 3357 861 3434 haerebant3
878 3358 933 3421 sed
947 3367 1058 3422 cuneta
1071 3358 1254 3440 quaestione

181 3517 183 3521 ,
232 3449 402 3513 maiestatis
429 3450 588 3528 exercita,
604 3460 636 3514 et
663 3448 759 3516 Silius
784 3451 998 3515 imminentem
1023 3451 1254 3515 damnationem

183 3542 405 3630 rovoluntario
427 3542 489 3606 fine
510 3544 686 3627 praevertit.
719 3544 871 3608 saevitum
893 3553 998 3608 tamen
1018 3544 1051 3608 in
1068 3543 1164 3620 bona,
1191 3566 1255 3608 non

232 3644 268 3698 ut
285 3637 491 3720 stipendiariis
508 3638 659 3722 pecuniae
675 3638 888 3716 redderentur,
908 3661 1039 3722 quorum
1056 3661 1148 3702 nemo
1166 3659 1254 3721 repe-

233 3728 331 3806 tebat3
354 3731 410 3794 sed
430 3729 598 3796 liberalitas
616 3730 755 3817 Augusti
772 3732 894 3808 avulsa,
919 3733 1093 3816 conputatis
1116 3732 1254 3817 singilla-

233 3822 289 3884 tim
310 3844 391 3904 quae
412 3823 489 3888 fiseo
510 3825 707 3909 petebantur:
735 3847 772 3890 ea
792 3825 893 3910 prima
915 3826 1041 3890 Tiberio
1064 3848 1139 3911 erga
1159 3847 1254 3909 pecu-

233 3915 317 3978 niam
347 3917 480 3981 alienam
506 3919 666 4004 diligentia
695 3919 763 3983 suit.
801 3917 894 3983 Sosia
918 3920 952 3982 in
977 3919 1104 3983 exilium
1129 3917 1254 4002 pellitur
1323 3974 1326 3979 .

233 4003 338 4071 Asinii
356 4007 440 4074 Galli
458 4014 622 4090 sententia,
642 4013 695 4096 qui
711 4022 831 4098 partem
853 4012 1005 4083 bonorum
1022 4004 1252 4097 publicandam,

233 4120 306 4181 pars
327 4111 363 4166 ut
383 4103 488 4170 liberis
509 4106 733 4190 relinqueretur
754 4115 915 4171 censuerat
921 4131 930 4184 3
954 4115 1060 4174 contra
1081 4104 1144 4168 M’,
1156 4103 1254 4188 Lepi·

87 4288 256 4592 w
