<?xml version="1.0" encoding="UTF-8"?>
<!DOCTYPE html PUBLIC "-//W3C//DTD XHTML 1.0 Transitional//EN"
    "http://www.w3.org/TR/xhtml1/DTD/xhtml1-transitional.dtd">
<html xmlns="http://www.w3.org/1999/xhtml" xml:lang="en" lang="en">
 <head>
  <title>
</title>
<meta http-equiv="Content-Type" content="text/html;charset=utf-8" />
  <meta name='ocr-system' content='tesseract 3.04.00' />
  <meta name='ocr-capabilities' content='ocr_page ocr_carea ocr_par ocr_line ocrx_word'/>
</head>
<body>
  <div class='ocr_page' id='page_1' title='image "./corneliitacitio01haasgoog_0236.png"; bbox 0 0 2760 4874; ppageno 0'>
   <div class='ocr_carea' id='block_1_1' title="bbox 1042 40 1100 165">
    <p class='ocr_par' dir='ltr' id='par_1_1' title="bbox 1042 40 1100 165">
     <span class='ocr_line' id='line_1_1' title="bbox 1042 40 1100 165; baseline 0 -74"><span class='ocrx_word' id='word_1_1' title='bbox 1042 40 1100 165; x_wconf 64' lang='lat'>,.</span> 
     </span>
    </p>
   </div>
   <div class='ocr_carea' id='block_1_2' title="bbox 137 380 1158 534">
    <p class='ocr_par' dir='ltr' id='par_1_2' title="bbox 137 380 1158 534">
     <span class='ocr_line' id='line_1_2' title="bbox 341 380 1158 466; baseline 0.002 -22"><span class='ocrx_word' id='word_1_2' title='bbox 341 389 837 448; x_wconf 77' lang='lat' dir='ltr'><strong>ANNAL1UML1B.V1.·11-14.</strong></span> <span class='ocrx_word' id='word_1_3' title='bbox 853 392 963 466; x_wconf 78' lang='grc'>(5-8.)</span> <span class='ocrx_word' id='word_1_4' title='bbox 1096 380 1158 447; x_wconf 80' lang='grc'>159</span> 
     </span>
     <span class='ocr_line' id='line_1_3' title="bbox 137 482 252 534; baseline -0.017 -11"><span class='ocrx_word' id='word_1_5' title='bbox 137 496 158 534; x_wconf 79' lang='lat' dir='ltr'>p.</span> <span class='ocrx_word' id='word_1_6' title='bbox 169 482 210 523; x_wconf 86' lang='lat' dir='ltr'>on.</span> <span class='ocrx_word' id='word_1_7' title='bbox 220 483 252 522; x_wconf 83' lang='lat' dir='ltr'>aa</span> 
     </span>
    </p>
   </div>
   <div class='ocr_carea' id='block_1_3' title="bbox 74 548 1221 4201">
    <p class='ocr_par' dir='ltr' id='par_1_3' title="bbox 135 548 1157 730">
     <span class='ocr_line' id='line_1_4' title="bbox 135 548 1157 634; baseline 0.001 -18"><span class='ocrx_word' id='word_1_8' title='bbox 135 552 261 626; x_wconf 92' lang='lat' dir='ltr'>luxum,</span> <span class='ocrx_word' id='word_1_9' title='bbox 284 570 340 633; x_wconf 88' lang='lat' dir='ltr'>per</span> <span class='ocrx_word' id='word_1_10' title='bbox 357 548 475 634; x_wconf 87' lang='lat' dir='ltr'>flagitia</span> <span class='ocrx_word' id='word_1_11' title='bbox 491 548 633 625; x_wconf 89' lang='lat' dir='ltr'>infamis,</span> <span class='ocrx_word' id='word_1_12' title='bbox 657 549 861 613; x_wconf 82' lang='lat' dir='ltr'>sanctissimis</span> <span class='ocrx_word' id='word_1_13' title='bbox 880 548 1022 615; x_wconf 86' lang='lat' dir='ltr'>Arruntii</span> <span class='ocrx_word' id='word_1_14' title='bbox 1031 551 1157 619; x_wconf 74' lang='lat' dir='ltr'>‚artibus</span> 
     </span>
     <span class='ocr_line' id='line_1_5' title="bbox 136 640 653 730; baseline -0.012 -20"><span class='ocrx_word' id='word_1_15' title='bbox 136 644 288 730; x_wconf 83' lang='lat' dir='ltr'>dignitate</span> <span class='ocrx_word' id='word_1_16' title='bbox 306 642 432 706; x_wconf 90' lang='lat' dir='ltr'>ultionis</span> <span class='ocrx_word' id='word_1_17' title='bbox 451 640 653 725; x_wconf 89' lang='lat' dir='ltr'>aequabatur.</span> 
     </span>
    </p>

    <p class='ocr_par' dir='ltr' id='par_1_4' title="bbox 74 734 1161 2697">
     <span class='ocr_line' id='line_1_6' title="bbox 74 734 1157 821; baseline 0.002 -20"><span class='ocrx_word' id='word_1_18' title='bbox 74 806 77 811; x_wconf 88' lang='lat'><em>.</em></span> <span class='ocrx_word' id='word_1_19' title='bbox 202 736 243 820; x_wconf 82' lang='lat' dir='ltr'>Q</span> <span class='ocrx_word' id='word_1_20' title='bbox 267 735 424 804; x_wconf 82' lang='lat' dir='ltr'>Servaeus</span> <span class='ocrx_word' id='word_1_21' title='bbox 450 735 582 821; x_wconf 87' lang='lat' dir='ltr'>posthac</span> <span class='ocrx_word' id='word_1_22' title='bbox 608 745 639 799; x_wconf 92' lang='lat' dir='ltr'>et</span> <span class='ocrx_word' id='word_1_23' title='bbox 664 734 825 800; x_wconf 86' lang='lat' dir='ltr'>Minucius</span> <span class='ocrx_word' id='word_1_24' title='bbox 848 736 1003 802; x_wconf 77' lang='lat' dir='ltr'>Thermus</span> <span class='ocrx_word' id='word_1_25' title='bbox 1029 739 1157 818; x_wconf 90' lang='lat' dir='ltr'>inducti,</span> 
     </span>
     <span class='ocr_line' id='line_1_7' title="bbox 137 827 1157 915; baseline -0.001 -17"><span class='ocrx_word' id='word_1_26' title='bbox 137 831 296 898; x_wconf 83' lang='lat' dir='ltr'>Servaeus</span> <span class='ocrx_word' id='word_1_27' title='bbox 313 840 459 915; x_wconf 88' lang='lat' dir='ltr'>praetura</span> <span class='ocrx_word' id='word_1_28' title='bbox 475 829 601 911; x_wconf 73' lang='lat' dir='ltr'>functus</span> <span class='ocrx_word' id='word_1_29' title='bbox 620 837 651 895; x_wconf 89' lang='lat' dir='ltr'>et</span> <span class='ocrx_word' id='word_1_30' title='bbox 668 830 827 913; x_wconf 91' lang='lat' dir='ltr'>quondam</span> <span class='ocrx_word' id='word_1_31' title='bbox 845 827 1025 896; x_wconf 87' lang='lat' dir='ltr'>Germanici</span> <span class='ocrx_word' id='word_1_32' title='bbox 1043 845 1157 910; x_wconf 83' lang='lat' dir='ltr'>comes,</span> 
     </span>
     <span class='ocr_line' id='line_1_8' title="bbox 136 922 1158 1013; baseline 0.003 -25"><span class='ocrx_word' id='word_1_33' title='bbox 136 925 297 994; x_wconf 89' lang='lat' dir='ltr'>Minucius</span> <span class='ocrx_word' id='word_1_34' title='bbox 320 924 457 1007; x_wconf 83' lang='lat' dir='ltr'>equestri</span> <span class='ocrx_word' id='word_1_35' title='bbox 477 923 560 1000; x_wconf 89' lang='lat' dir='ltr'>loco,</span> <span class='ocrx_word' id='word_1_36' title='bbox 586 924 728 1013; x_wconf 84' lang='lat' dir='ltr'>modeste</span> <span class='ocrx_word' id='word_1_37' title='bbox 750 923 857 989; x_wconf 87' lang='lat' dir='ltr'>habita</span> <span class='ocrx_word' id='word_1_38' title='bbox 879 922 987 990; x_wconf 88' lang='lat' dir='ltr'>Seiani</span> <span class='ocrx_word' id='word_1_39' title='bbox 1008 926 1158 1003; x_wconf 85' lang='lat' dir='ltr'>amicitia3</span> 
     </span>
     <span class='ocr_line' id='line_1_9' title="bbox 137 1016 1159 1105; baseline 0.001 -20"><span class='ocrx_word' id='word_1_40' title='bbox 137 1020 221 1084; x_wconf 91' lang='lat' dir='ltr'>unde</span> <span class='ocrx_word' id='word_1_41' title='bbox 238 1018 299 1083; x_wconf 94' lang='lat' dir='ltr'>illis</span> <span class='ocrx_word' id='word_1_42' title='bbox 317 1018 416 1082; x_wconf 90' lang='lat' dir='ltr'>maior</span> <span class='ocrx_word' id='word_1_43' title='bbox 432 1016 599 1082; x_wconf 84' lang='lat' dir='ltr'>miseratio.</span> <span class='ocrx_word' id='word_1_44' title='bbox 627 1025 734 1082; x_wconf 89' lang='lat' dir='ltr'>contra</span> <span class='ocrx_word' id='word_1_45' title='bbox 752 1017 897 1083; x_wconf 81' lang='lat' dir='ltr'>Tiberius</span> <span class='ocrx_word' id='word_1_46' title='bbox 914 1020 1100 1105; x_wconf 85' lang='lat' dir='ltr'>praecipuos</span> <span class='ocrx_word' id='word_1_47' title='bbox 1119 1022 1159 1085; x_wconf 89' lang='lat' dir='ltr'>ad</span> 
     </span>
     <span class='ocr_line' id='line_1_10' title="bbox 138 1104 1160 1198; baseline 0 -19"><span class='ocrx_word' id='word_1_48' title='bbox 138 1112 256 1179; x_wconf 88' lang='lat' dir='ltr'>scelera</span> <span class='ocrx_word' id='word_1_49' title='bbox 272 1112 446 1197; x_wconf 88' lang='lat' dir='ltr'>increpans,</span> <span class='ocrx_word' id='word_1_50' title='bbox 465 1111 626 1176; x_wconf 83' lang='lat' dir='ltr'>admonuit</span> <span class='ocrx_word' id='word_1_51' title='bbox 643 1108 681 1175; x_wconf 93' lang='lat' dir='ltr'>C.</span> <span class='ocrx_word' id='word_1_52' title='bbox 696 1109 839 1176; x_wconf 86' lang='lat' dir='ltr'>Cestium</span> <span class='ocrx_word' id='word_1_53' title='bbox 856 1121 976 1198; x_wconf 90' lang='lat' dir='ltr'>patrem</span> <span class='ocrx_word' id='word_1_54' title='bbox 994 1104 1097 1178; x_wconf 87' lang='lat' dir='ltr'>dicere</span> <span class='ocrx_word' id='word_1_55' title='bbox 1111 1137 1160 1179; x_wconf 92' lang='lat' dir='ltr'>se-</span> 
     </span>
     <span class='ocr_line' id='line_1_11' title="bbox 138 1204 1159 1290; baseline 0.001 -19"><span class='ocrx_word' id='word_1_56' title='bbox 138 1206 225 1271; x_wconf 86' lang='lat' dir='ltr'>natui</span> <span class='ocrx_word' id='word_1_57' title='bbox 242 1227 323 1289; x_wconf 88' lang='lat' dir='ltr'>quae</span> <span class='ocrx_word' id='word_1_58' title='bbox 341 1204 402 1271; x_wconf 90' lang='lat' dir='ltr'>sibi</span> <span class='ocrx_word' id='word_1_59' title='bbox 420 1204 609 1290; x_wconf 81' lang='lat' dir='ltr'>scripsisset3</span> <span class='ocrx_word' id='word_1_60' title='bbox 629 1205 827 1290; x_wconf 85' lang='lat' dir='ltr'>suscepitque</span> <span class='ocrx_word' id='word_1_61' title='bbox 841 1205 969 1271; x_wconf 88' lang='lat' dir='ltr'>Cestius</span> <span class='ocrx_word' id='word_1_62' title='bbox 987 1209 1159 1272; x_wconf 82' lang='lat' dir='ltr'>accusatio-</span> 
     </span>
     <span class='ocr_line' id='line_1_12' title="bbox 138 1297 1159 1388; baseline 0.001 -23"><span class='ocrx_word' id='word_1_63' title='bbox 138 1322 220 1365; x_wconf 90' lang='lat' dir='ltr'>nem.</span> <span class='ocrx_word' id='word_1_64' title='bbox 238 1299 323 1384; x_wconf 91' lang='lat' dir='ltr'>quod</span> <span class='ocrx_word' id='word_1_65' title='bbox 339 1299 475 1363; x_wconf 86' lang='lat' dir='ltr'>maxime</span> <span class='ocrx_word' id='word_1_66' title='bbox 493 1297 649 1363; x_wconf 81' lang='lat' dir='ltr'>exitiabile</span> <span class='ocrx_word' id='word_1_67' title='bbox 662 1298 760 1364; x_wconf 89' lang='lat' dir='ltr'>tulere</span> <span class='ocrx_word' id='word_1_68' title='bbox 774 1299 827 1363; x_wconf 91' lang='lat' dir='ltr'>illa</span> <span class='ocrx_word' id='word_1_69' title='bbox 839 1308 993 1385; x_wconf 88' lang='lat' dir='ltr'>tempora,</span> <span class='ocrx_word' id='word_1_70' title='bbox 1012 1322 1083 1366; x_wconf 91' lang='lat' dir='ltr'>cum</span> <span class='ocrx_word' id='word_1_71' title='bbox 1096 1303 1159 1388; x_wconf 90' lang='lat' dir='ltr'>pri-</span> 
     </span>
     <span class='ocr_line' id='line_1_13' title="bbox 138 1392 1159 1472; baseline -0.001 -13"><span class='ocrx_word' id='word_1_72' title='bbox 138 1402 390 1459; x_wconf 87' lang='lat' dir='ltr'>mores-senatus</span> <span class='ocrx_word' id='word_1_73' title='bbox 416 1393 540 1457; x_wconf 89' lang='lat' dir='ltr'>infimas</span> <span class='ocrx_word' id='word_1_74' title='bbox 560 1392 660 1456; x_wconf 86' lang='lat' dir='ltr'>&#39;etiam</span> <span class='ocrx_word' id='word_1_75' title='bbox 685 1393 856 1458; x_wconf 88' lang='lat' dir='ltr'>delationes</span> <span class='ocrx_word' id='word_1_76' title='bbox 883 1404 1075 1472; x_wconf 85' lang='lat' dir='ltr'>exercerent,</span> <span class='ocrx_word' id='word_1_77' title='bbox 1106 1395 1159 1459; x_wconf 92' lang='lat' dir='ltr'>alii</span> 
     </span>
     <span class='ocr_line' id='line_1_14' title="bbox 138 1485 1158 1574; baseline 0 -21"><span class='ocrx_word' id='word_1_78' title='bbox 138 1487 313 1574; x_wconf 88' lang='lat' dir='ltr'>propalam,</span> <span class='ocrx_word' id='word_1_79' title='bbox 332 1485 422 1550; x_wconf 88' lang='lat' dir='ltr'>multi</span> <span class='ocrx_word' id='word_1_80' title='bbox 438 1508 495 1572; x_wconf 90' lang='lat' dir='ltr'>per</span> <span class='ocrx_word' id='word_1_81' title='bbox 512 1485 682 1564; x_wconf 91' lang='lat' dir='ltr'>oocultum;</span> <span class='ocrx_word' id='word_1_82' title='bbox 708 1507 810 1570; x_wconf 90' lang='lat' dir='ltr'>neque</span> <span class='ocrx_word' id='word_1_83' title='bbox 832 1487 1023 1553; x_wconf 87' lang='lat' dir='ltr'>discerneres</span> <span class='ocrx_word' id='word_1_84' title='bbox 1041 1488 1158 1553; x_wconf 84' lang='lat' dir='ltr'>alienos</span> 
     </span>
     <span class='ocr_line' id='line_1_15' title="bbox 139 1578 1159 1667; baseline -0.001 -19"><span class='ocrx_word' id='word_1_85' title='bbox 139 1606 159 1647; x_wconf 87' lang='lat' dir='ltr'>a</span> <span class='ocrx_word' id='word_1_86' title='bbox 175 1581 357 1658; x_wconf 75' lang='lat' dir='ltr'>coniunctiS,</span> <span class='ocrx_word' id='word_1_87' title='bbox 376 1580 493 1645; x_wconf 87' lang='lat' dir='ltr'>amicos</span> <span class='ocrx_word' id='word_1_88' title='bbox 511 1580 551 1646; x_wconf 90' lang='lat' dir='ltr'>ab</span> <span class='ocrx_word' id='word_1_89' title='bbox 568 1580 693 1667; x_wconf 89' lang='lat' dir='ltr'>ignotis,</span> <span class='ocrx_word' id='word_1_90' title='bbox 712 1582 787 1665; x_wconf 91' lang='lat' dir='ltr'>quid</span> <span class='ocrx_word' id='word_1_91' title='bbox 804 1578 916 1667; x_wconf 86' lang='lat' dir='ltr'>repens</span> <span class='ocrx_word' id='word_1_92' title='bbox 934 1591 988 1646; x_wconf 91' lang='lat' dir='ltr'>aut</span> <span class='ocrx_word' id='word_1_93' title='bbox 1005 1591 1159 1647; x_wconf 86' lang='lat' dir='ltr'>vetustate</span> 
     </span>
     <span class='ocr_line' id='line_1_16' title="bbox 138 1672 1159 1759; baseline 0 -19"><span class='ocrx_word' id='word_1_94' title='bbox 138 1675 322 1741; x_wconf 88' lang='lat' dir='ltr'>obscurum:</span> <span class='ocrx_word' id='word_1_95' title='bbox 344 1674 473 1759; x_wconf 88' lang='lat' dir='ltr'>perinde</span> <span class='ocrx_word' id='word_1_96' title='bbox 494 1673 527 1737; x_wconf 91' lang='lat' dir='ltr'>in</span> <span class='ocrx_word' id='word_1_97' title='bbox 549 1672 631 1751; x_wconf 86' lang='lat' dir='ltr'>foro,</span> <span class='ocrx_word' id='word_1_98' title='bbox 649 1674 683 1738; x_wconf 90' lang='lat' dir='ltr'>in</span> <span class='ocrx_word' id='word_1_99' title='bbox 700 1675 842 1739; x_wconf 84' lang='lat' dir='ltr'>convivio</span> <span class='ocrx_word' id='word_1_100' title='bbox 860 1697 986 1759; x_wconf 89' lang='lat' dir='ltr'>quaqua</span> <span class='ocrx_word' id='word_1_101' title='bbox 1002 1675 1042 1740; x_wconf 92' lang='lat' dir='ltr'>de</span> <span class='ocrx_word' id='word_1_102' title='bbox 1063 1698 1097 1740; x_wconf 91' lang='lat' dir='ltr'>re</span> <span class='ocrx_word' id='word_1_103' title='bbox 1114 1675 1159 1740; x_wconf 96' lang='lat' dir='ltr'>lo-</span> 
     </span>
     <span class='ocr_line' id='line_1_17' title="bbox 138 1767 1159 1853; baseline 0 -19"><span class='ocrx_word' id='word_1_104' title='bbox 138 1769 203 1834; x_wconf 89' lang='lat' dir='ltr'>cuti</span> <span class='ocrx_word' id='word_1_105' title='bbox 223 1767 460 1845; x_wconf 87' lang='lat' dir='ltr'>incusabantur,</span> <span class='ocrx_word' id='word_1_106' title='bbox 486 1776 522 1831; x_wconf 94' lang='lat' dir='ltr'>ut</span> <span class='ocrx_word' id='word_1_107' title='bbox 543 1767 613 1850; x_wconf 90' lang='lat' dir='ltr'>quis</span> <span class='ocrx_word' id='word_1_108' title='bbox 635 1769 816 1853; x_wconf 87' lang='lat' dir='ltr'>praevenire</span> <span class='ocrx_word' id='word_1_109' title='bbox 838 1779 870 1834; x_wconf 91' lang='lat' dir='ltr'>et</span> <span class='ocrx_word' id='word_1_110' title='bbox 894 1784 983 1840; x_wconf 85' lang='lat' dir='ltr'>reum</span> <span class='ocrx_word' id='word_1_111' title='bbox 1004 1769 1159 1837; x_wconf 89' lang='lat' dir='ltr'>destinare</span> 
     </span>
     <span class='ocr_line' id='line_1_18' title="bbox 137 1856 1160 1949; baseline 0 -21"><span class='ocrx_word' id='word_1_112' title='bbox 137 1871 292 1949; x_wconf 83' lang='lat' dir='ltr'>properat,</span> <span class='ocrx_word' id='word_1_113' title='bbox 310 1885 383 1947; x_wconf 90' lang='lat' dir='ltr'>pars</span> <span class='ocrx_word' id='word_1_114' title='bbox 401 1856 443 1926; x_wconf 89' lang='lat' dir='ltr'>ad</span> <span class='ocrx_word' id='word_1_115' title='bbox 460 1861 634 1926; x_wconf 91' lang='lat' dir='ltr'>subsidium</span> <span class='ocrx_word' id='word_1_116' title='bbox 652 1863 710 1940; x_wconf 92' lang='lat' dir='ltr'>sui,</span> <span class='ocrx_word' id='word_1_117' title='bbox 728 1862 833 1948; x_wconf 90' lang='lat' dir='ltr'>plures</span> <span class='ocrx_word' id='word_1_118' title='bbox 850 1863 959 1929; x_wconf 88' lang='lat' dir='ltr'>infecti</span> <span class='ocrx_word' id='word_1_119' title='bbox 976 1863 1066 1946; x_wconf 90' lang='lat' dir='ltr'>quasi</span> <span class='ocrx_word' id='word_1_120' title='bbox 1083 1863 1160 1928; x_wconf 79' lang='lat' dir='ltr'>vali-</span> 
     </span>
     <span class='ocr_line' id='line_1_19' title="bbox 138 1954 1160 2021; baseline 0 0"><span class='ocrx_word' id='word_1_121' title='bbox 138 1957 247 2021; x_wconf 88' lang='lat' dir='ltr'>tudine</span> <span class='ocrx_word' id='word_1_122' title='bbox 265 1965 296 2020; x_wconf 91' lang='lat' dir='ltr'>et</span> <span class='ocrx_word' id='word_1_123' title='bbox 313 1965 465 2020; x_wconf 88' lang='lat' dir='ltr'>contactu.</span> <span class='ocrx_word' id='word_1_124' title='bbox 486 1956 543 2020; x_wconf 78' lang='lat' dir='ltr'>sed</span> <span class='ocrx_word' id='word_1_125' title='bbox 554 1955 715 2020; x_wconf 92' lang='lat' dir='ltr'>Minucius</span> <span class='ocrx_word' id='word_1_126' title='bbox 733 1965 765 2020; x_wconf 91' lang='lat' dir='ltr'>et</span> <span class='ocrx_word' id='word_1_127' title='bbox 783 1954 939 2021; x_wconf 88' lang='lat' dir='ltr'>Servaeus</span> <span class='ocrx_word' id='word_1_128' title='bbox 957 1957 1096 2021; x_wconf 91' lang='lat' dir='ltr'>damnati</span> <span class='ocrx_word' id='word_1_129' title='bbox 1112 1958 1160 2021; x_wconf 91' lang='lat' dir='ltr'>in-</span> 
     </span>
     <span class='ocr_line' id='line_1_20' title="bbox 138 2048 1158 2132; baseline 0.001 -18"><span class='ocrx_word' id='word_1_130' title='bbox 138 2048 262 2114; x_wconf 91' lang='lat' dir='ltr'>dicibus</span> <span class='ocrx_word' id='word_1_131' title='bbox 281 2070 454 2127; x_wconf 87' lang='lat' dir='ltr'>accessere,</span> <span class='ocrx_word' id='word_1_132' title='bbox 473 2049 625 2132; x_wconf 87' lang='lat' dir='ltr'>tractique</span> <span class='ocrx_word' id='word_1_133' title='bbox 643 2050 766 2114; x_wconf 90' lang='lat' dir='ltr'>suntin</span> <span class='ocrx_word' id='word_1_134' title='bbox 783 2072 891 2115; x_wconf 91' lang='lat' dir='ltr'>casum</span> <span class='ocrx_word' id='word_1_135' title='bbox 909 2050 1043 2115; x_wconf 90' lang='lat' dir='ltr'>eundem</span> <span class='ocrx_word' id='word_1_136' title='bbox 1059 2051 1158 2115; x_wconf 93' lang='lat' dir='ltr'>Iulius</span> 
     </span>
     <span class='ocr_line' id='line_1_21' title="bbox 138 2139 1158 2226; baseline 0 -18"><span class='ocrx_word' id='word_1_137' title='bbox 138 2143 310 2208; x_wconf 78' lang='lat' dir='ltr'>Africanus</span> <span class='ocrx_word' id='word_1_138' title='bbox 329 2164 347 2207; x_wconf 90' lang='lat' dir='ltr'>e</span> <span class='ocrx_word' id='word_1_139' title='bbox 365 2140 528 2221; x_wconf 88' lang='lat' dir='ltr'>Santonis,</span> <span class='ocrx_word' id='word_1_140' title='bbox 553 2139 676 2207; x_wconf 88' lang='lat' dir='ltr'>Gallica</span> <span class='ocrx_word' id='word_1_141' title='bbox 693 2143 831 2221; x_wconf 87' lang='lat' dir='ltr'>civitate,</span> <span class='ocrx_word' id='word_1_142' title='bbox 851 2141 944 2209; x_wconf 88' lang='lat' dir='ltr'>Seius</span> <span class='ocrx_word' id='word_1_143' title='bbox 964 2140 1158 2226; x_wconf 82' lang='lat' dir='ltr'>Quadratus:</span> 
     </span>
     <span class='ocr_line' id='line_1_22' title="bbox 138 2236 1160 2323; baseline -0.002 -20"><span class='ocrx_word' id='word_1_144' title='bbox 138 2237 291 2323; x_wconf 88' lang='lat' dir='ltr'>originem</span> <span class='ocrx_word' id='word_1_145' title='bbox 308 2258 373 2301; x_wconf 89' lang='lat' dir='ltr'>non</span> <span class='ocrx_word' id='word_1_146' title='bbox 388 2236 511 2321; x_wconf 88' lang='lat' dir='ltr'>repperi</span> <span class='ocrx_word' id='word_1_147' title='bbox 516 2260 525 2313; x_wconf 93' lang='lat'>;</span> <span class='ocrx_word' id='word_1_148' title='bbox 543 2257 645 2319; x_wconf 90' lang='lat' dir='ltr'>neque</span> <span class='ocrx_word' id='word_1_149' title='bbox 659 2259 729 2300; x_wconf 86' lang='lat' dir='ltr'>sum</span> <span class='ocrx_word' id='word_1_150' title='bbox 741 2236 869 2322; x_wconf 91' lang='lat' dir='ltr'>ignarus</span> <span class='ocrx_word' id='word_1_151' title='bbox 883 2259 903 2300; x_wconf 87' lang='lat' dir='ltr'>a</span> <span class='ocrx_word' id='word_1_152' title='bbox 914 2237 1071 2322; x_wconf 86' lang='lat' dir='ltr'>plerisque</span> <span class='ocrx_word' id='word_1_153' title='bbox 1085 2237 1160 2302; x_wconf 88' lang='lat' dir='ltr'>scri-</span> 
     </span>
     <span class='ocr_line' id='line_1_23' title="bbox 138 2329 1160 2417; baseline -0.001 -21"><span class='ocrx_word' id='word_1_154' title='bbox 138 2330 280 2417; x_wconf 87' lang='lat' dir='ltr'>ptoribus</span> <span class='ocrx_word' id='word_1_155' title='bbox 299 2331 416 2396; x_wconf 90' lang='lat' dir='ltr'>omissa</span> <span class='ocrx_word' id='word_1_156' title='bbox 432 2330 602 2395; x_wconf 87' lang='lat' dir='ltr'>multomm</span> <span class='ocrx_word' id='word_1_157' title='bbox 619 2329 757 2416; x_wconf 88' lang='lat' dir='ltr'>pericula</span> <span class='ocrx_word' id='word_1_158' title='bbox 774 2340 805 2395; x_wconf 89' lang='lat' dir='ltr'>et</span> <span class='ocrx_word' id='word_1_159' title='bbox 821 2351 953 2416; x_wconf 79' lang='lat' dir='ltr'>poenas,</span> <span class='ocrx_word' id='word_1_160' title='bbox 976 2331 1053 2396; x_wconf 92' lang='lat' dir='ltr'>dum</span> <span class='ocrx_word' id='word_1_161' title='bbox 1070 2331 1160 2416; x_wconf 85' lang='lat' dir='ltr'>copia</span> 
     </span>
     <span class='ocr_line' id='line_1_24' title="bbox 138 2424 1161 2510; baseline -0.002 -20"><span class='ocrx_word' id='word_1_162' title='bbox 138 2425 289 2491; x_wconf 87' lang='lat' dir='ltr'>fatiscunt</span> <span class='ocrx_word' id='word_1_163' title='bbox 306 2433 361 2489; x_wconf 90' lang='lat' dir='ltr'>aut</span> <span class='ocrx_word' id='word_1_164' title='bbox 377 2445 458 2507; x_wconf 88' lang='lat' dir='ltr'>quae</span> <span class='ocrx_word' id='word_1_165' title='bbox 475 2424 552 2509; x_wconf 87' lang='lat' dir='ltr'>ipsis</span> <span class='ocrx_word' id='word_1_166' title='bbox 569 2424 666 2488; x_wconf 91' lang='lat' dir='ltr'>nimia</span> <span class='ocrx_word' id='word_1_167' title='bbox 682 2433 714 2489; x_wconf 78' lang='lat' dir='ltr'>et</span> <span class='ocrx_word' id='word_1_168' title='bbox 731 2434 851 2489; x_wconf 83' lang='lat' dir='ltr'>maesta</span> <span class='ocrx_word' id='word_1_169' title='bbox 871 2424 1009 2502; x_wconf 84' lang='lat' dir='ltr'>fuerant,</span> <span class='ocrx_word' id='word_1_170' title='bbox 1036 2447 1075 2489; x_wconf 89' lang='lat' dir='ltr'>ne</span> <span class='ocrx_word' id='word_1_171' title='bbox 1092 2425 1161 2510; x_wconf 86' lang='lat' dir='ltr'>pari</span> 
     </span>
     <span class='ocr_line' id='line_1_25' title="bbox 139 2517 1161 2605; baseline -0.002 -21"><span class='ocrx_word' id='word_1_172' title='bbox 139 2518 242 2584; x_wconf 89' lang='lat' dir='ltr'>taedio</span> <span class='ocrx_word' id='word_1_173' title='bbox 262 2517 398 2585; x_wconf 87' lang='lat' dir='ltr'>lecturos</span> <span class='ocrx_word' id='word_1_174' title='bbox 421 2517 589 2583; x_wconf 88' lang='lat' dir='ltr'>adficerent</span> <span class='ocrx_word' id='word_1_175' title='bbox 605 2528 764 2582; x_wconf 85' lang='lat' dir='ltr'>verentur:</span> <span class='ocrx_word' id='word_1_176' title='bbox 791 2517 882 2583; x_wconf 93' lang='lat' dir='ltr'>nobis</span> <span class='ocrx_word' id='word_1_177' title='bbox 897 2519 1048 2603; x_wconf 89' lang='lat' dir='ltr'>pleraque</span> <span class='ocrx_word' id='word_1_178' title='bbox 1065 2518 1161 2605; x_wconf 86' lang='lat' dir='ltr'>digna</span> 
     </span>
     <span class='ocr_line' id='line_1_26' title="bbox 139 2610 1023 2697; baseline 0 -20"><span class='ocrx_word' id='word_1_179' title='bbox 139 2611 269 2697; x_wconf 87' lang='lat' dir='ltr'>cognitu</span> <span class='ocrx_word' id='word_1_180' title='bbox 286 2610 455 2689; x_wconf 91' lang='lat' dir='ltr'>obvenere,</span> <span class='ocrx_word' id='word_1_181' title='bbox 474 2633 663 2696; x_wconf 91' lang='lat' dir='ltr'>quamquam</span> <span class='ocrx_word' id='word_1_182' title='bbox 682 2611 722 2677; x_wconf 92' lang='lat' dir='ltr'>ab</span> <span class='ocrx_word' id='word_1_183' title='bbox 740 2611 808 2676; x_wconf 89' lang='lat' dir='ltr'>aliis</span> <span class='ocrx_word' id='word_1_184' title='bbox 826 2611 1023 2677; x_wconf 83' lang='lat' dir='ltr'>incelebrata</span> 
     </span>
    </p>

    <p class='ocr_par' dir='ltr' id='par_1_5' title="bbox 139 2703 1221 4201">
     <span class='ocr_line' id='line_1_27' title="bbox 204 2703 1211 2791; baseline 0.004 -23"><span class='ocrx_word' id='word_1_185' title='bbox 204 2704 285 2769; x_wconf 92' lang='lat' dir='ltr'>Nam</span> <span class='ocrx_word' id='word_1_186' title='bbox 304 2727 342 2769; x_wconf 90' lang='lat' dir='ltr'>ea</span> <span class='ocrx_word' id='word_1_187' title='bbox 358 2715 543 2791; x_wconf 87' lang='lat' dir='ltr'>tempestate</span> <span class='ocrx_word' id='word_1_188' title='bbox 566 2728 628 2789; x_wconf 91' lang='lat' dir='ltr'>qua</span> <span class='ocrx_word' id='word_1_189' title='bbox 647 2703 754 2771; x_wconf 88' lang='lat' dir='ltr'>Seiani</span> <span class='ocrx_word' id='word_1_190' title='bbox 776 2706 943 2771; x_wconf 87' lang='lat' dir='ltr'>amicitiam</span> <span class='ocrx_word' id='word_1_191' title='bbox 965 2706 1059 2772; x_wconf 87' lang='lat' dir='ltr'>ceteri</span> <span class='ocrx_word' id='word_1_192' title='bbox 1080 2705 1161 2772; x_wconf 81' lang='lat' dir='ltr'>falso</span> <span class='ocrx_word' id='word_1_193' title='bbox 1180 2716 1211 2766; x_wconf 76' lang='lat' dir='ltr'>lt</span> 
     </span>
     <span class='ocr_line' id='line_1_28' title="bbox 140 2785 1208 2882; baseline 0 -17"><span class='ocrx_word' id='word_1_194' title='bbox 140 2808 300 2877; x_wconf 87' lang='lat' dir='ltr'>exuerant,</span> <span class='ocrx_word' id='word_1_195' title='bbox 320 2821 416 2864; x_wconf 88' lang='lat' dir='ltr'>ausus</span> <span class='ocrx_word' id='word_1_196' title='bbox 431 2809 479 2864; x_wconf 92' lang='lat' dir='ltr'>est</span> <span class='ocrx_word' id='word_1_197' title='bbox 496 2821 592 2882; x_wconf 91' lang='lat' dir='ltr'>eques</span> <span class='ocrx_word' id='word_1_198' title='bbox 609 2799 787 2877; x_wconf 87' lang='lat' dir='ltr'>Romanus,</span> <span class='ocrx_word' id='word_1_199' title='bbox 805 2799 853 2864; x_wconf 90' lang='lat' dir='ltr'>M.</span> <span class='ocrx_word' id='word_1_200' title='bbox 872 2799 1051 2877; x_wconf 84' lang='lat' dir='ltr'>Terentius,</span> <span class='ocrx_word' id='word_1_201' title='bbox 1071 2799 1111 2865; x_wconf 94' lang='lat' dir='ltr'>ob</span> <span class='ocrx_word' id='word_1_202' title='bbox 1129 2800 1161 2864; x_wconf 93' lang='lat' dir='ltr'>id</span> <span class='ocrx_word' id='word_1_203' title='bbox 1179 2785 1208 2832; x_wconf 55' lang='grc' dir='ltr'>(Β)</span> 
     </span>
     <span class='ocr_line' id='line_1_29' title="bbox 139 2892 1160 2981; baseline -0.001 -22"><span class='ocrx_word' id='word_1_204' title='bbox 139 2916 227 2972; x_wconf 91' lang='lat' dir='ltr'>reus,</span> <span class='ocrx_word' id='word_1_205' title='bbox 246 2892 404 2978; x_wconf 89' lang='lat' dir='ltr'>amplecti,</span> <span class='ocrx_word' id='word_1_206' title='bbox 432 2893 572 2959; x_wconf 88' lang='lat' dir='ltr'>adhunc</span> <span class='ocrx_word' id='word_1_207' title='bbox 589 2894 719 2959; x_wconf 84' lang='lat' dir='ltr'>medum</span> <span class='ocrx_word' id='word_1_208' title='bbox 736 2894 820 2981; x_wconf 91' lang='lat' dir='ltr'>apud</span> <span class='ocrx_word' id='word_1_209' title='bbox 838 2903 980 2959; x_wconf 83' lang='lat' dir='ltr'>senatum</span> <span class='ocrx_word' id='word_1_210' title='bbox 998 2894 1160 2960; x_wconf 87' lang='lat' dir='ltr'>ordiendo:</span> 
     </span>
     <span class='ocr_line' id='line_1_30' title="bbox 142 2987 1162 3076; baseline 0.003 -25"><span class='ocrx_word' id='word_1_211' title='bbox 142 2988 320 3068; x_wconf 88' lang='lat' dir='ltr'>„Fortunae</span> <span class='ocrx_word' id='word_1_212' title='bbox 342 2987 468 3071; x_wconf 90' lang='lat' dir='ltr'>quidem</span> <span class='ocrx_word' id='word_1_213' title='bbox 490 2987 735 3070; x_wconf 79' lang='lat' dir='ltr'>meaefortasse</span> <span class='ocrx_word' id='word_1_214' title='bbox 756 2989 859 3054; x_wconf 91' lang='lat' dir='ltr'>minus</span> <span class='ocrx_word' id='word_1_215' title='bbox 882 2989 1027 3074; x_wconf 89' lang='lat' dir='ltr'>expediat</span> <span class='ocrx_word' id='word_1_216' title='bbox 1042 2988 1162 3076; x_wconf 91' lang='lat' dir='ltr'>adgno-</span> 
     </span>
     <span class='ocr_line' id='line_1_31' title="bbox 142 3080 1160 3165; baseline 0.002 -20"><span class='ocrx_word' id='word_1_217' title='bbox 142 3102 228 3147; x_wconf 90' lang='lat' dir='ltr'>scere</span> <span class='ocrx_word' id='word_1_218' title='bbox 246 3080 369 3145; x_wconf 86' lang='lat' dir='ltr'>crimen</span> <span class='ocrx_word' id='word_1_219' title='bbox 380 3102 475 3163; x_wconf 88' lang='lat' dir='ltr'>quam</span> <span class='ocrx_word' id='word_1_220' title='bbox 493 3081 629 3154; x_wconf 89' lang='lat' dir='ltr'>abnuere</span> <span class='ocrx_word' id='word_1_221' title='bbox 634 3105 643 3160; x_wconf 91' lang='lat'>;</span> <span class='ocrx_word' id='word_1_222' title='bbox 663 3082 719 3146; x_wconf 91' lang='lat' dir='ltr'>sed</span> <span class='ocrx_word' id='word_1_223' title='bbox 735 3092 904 3165; x_wconf 91' lang='lat' dir='ltr'>utcumque</span> <span class='ocrx_word' id='word_1_224' title='bbox 917 3103 1028 3146; x_wconf 87' lang='lat' dir='ltr'>casura</span> <span class='ocrx_word' id='word_1_225' title='bbox 1039 3104 1090 3148; x_wconf 89' lang='lat' dir='ltr'>res</span> <span class='ocrx_word' id='word_1_226' title='bbox 1104 3092 1160 3158; x_wconf 84' lang='lat' dir='ltr'>est,</span> 
     </span>
     <span class='ocr_line' id='line_1_32' title="bbox 141 3168 1221 3262; baseline 0 -23"><span class='ocrx_word' id='word_1_227' title='bbox 141 3174 263 3240; x_wconf 85' lang='lat' dir='ltr'>fatebor</span> <span class='ocrx_word' id='word_1_228' title='bbox 280 3185 311 3239; x_wconf 91' lang='lat' dir='ltr'>et</span> <span class='ocrx_word' id='word_1_229' title='bbox 331 3174 433 3240; x_wconf 85' lang='lat' dir='ltr'>fnisse</span> <span class='ocrx_word' id='word_1_230' title='bbox 455 3168 640 3241; x_wconf 52' lang='lat' dir='ltr'>me&#39;Seiano</span> <span class='ocrx_word' id='word_1_231' title='bbox 659 3176 807 3253; x_wconf 90' lang='lat' dir='ltr'>amicum,</span> <span class='ocrx_word' id='word_1_232' title='bbox 835 3185 866 3241; x_wconf 89' lang='lat' dir='ltr'>et</span> <span class='ocrx_word' id='word_1_233' title='bbox 887 3185 922 3240; x_wconf 91' lang='lat' dir='ltr'>ut</span> <span class='ocrx_word' id='word_1_234' title='bbox 943 3197 1046 3241; x_wconf 87' lang='lat' dir='ltr'>essem</span> <span class='ocrx_word' id='word_1_235' title='bbox 1067 3196 1162 3262; x_wconf 89' lang='lat' dir='ltr'>expe-</span> <span class='ocrx_word' id='word_1_236' title='bbox 1218 3176 1221 3181; x_wconf 81' lang='grc'>’</span> 
     </span>
     <span class='ocr_line' id='line_1_33' title="bbox 142 3269 1163 3356; baseline -0.001 -23"><span class='ocrx_word' id='word_1_237' title='bbox 142 3269 229 3347; x_wconf 86' lang='lat' dir='ltr'>tisse,</span> <span class='ocrx_word' id='word_1_238' title='bbox 248 3277 281 3333; x_wconf 88' lang='lat' dir='ltr'>et</span> <span class='ocrx_word' id='word_1_239' title='bbox 295 3269 469 3354; x_wconf 79' lang='lat' dir='ltr'>postquam</span> <span class='ocrx_word' id='word_1_240' title='bbox 479 3271 611 3356; x_wconf 87' lang='lat' dir='ltr'>adeptus</span> <span class='ocrx_word' id='word_1_241' title='bbox 630 3292 715 3335; x_wconf 91' lang='lat' dir='ltr'>eram</span> <span class='ocrx_word' id='word_1_242' title='bbox 731 3269 889 3334; x_wconf 86' lang='lat' dir='ltr'>laetatum.</span> <span class='ocrx_word' id='word_1_243' title='bbox 912 3270 1051 3334; x_wconf 78' lang='lat' dir='ltr'>videram</span> <span class='ocrx_word' id='word_1_244' title='bbox 1068 3269 1163 3334; x_wconf 88' lang='lat' dir='ltr'>colle·</span> 
     </span>
     <span class='ocr_line' id='line_1_34' title="bbox 142 3362 1164 3450; baseline 0.001 -24"><span class='ocrx_word' id='word_1_245' title='bbox 142 3385 218 3449; x_wconf 89' lang='lat' dir='ltr'>gam</span> <span class='ocrx_word' id='word_1_246' title='bbox 238 3362 336 3447; x_wconf 87' lang='lat' dir='ltr'>patris</span> <span class='ocrx_word' id='word_1_247' title='bbox 357 3363 502 3449; x_wconf 87' lang='lat' dir='ltr'>regendis</span> <span class='ocrx_word' id='word_1_248' title='bbox 524 3364 686 3450; x_wconf 79' lang='lat' dir='ltr'>praetoriis</span> <span class='ocrx_word' id='word_1_249' title='bbox 708 3362 901 3439; x_wconf 81' lang='lat' dir='ltr'>cohortibus,</span> <span class='ocrx_word' id='word_1_250' title='bbox 927 3384 1002 3427; x_wconf 92' lang='lat' dir='ltr'>mox</span> <span class='ocrx_word' id='word_1_251' title='bbox 1019 3362 1105 3427; x_wconf 89' lang='lat' dir='ltr'>urbis</span> <span class='ocrx_word' id='word_1_252' title='bbox 1132 3371 1164 3427; x_wconf 86' lang='lat' dir='ltr'>et</span> 
     </span>
     <span class='ocr_line' id='line_1_35' title="bbox 141 3454 1163 3543; baseline -0.001 -22"><span class='ocrx_word' id='word_1_253' title='bbox 141 3456 270 3526; x_wconf 86' lang='lat' dir='ltr'>militiae</span> <span class='ocrx_word' id='word_1_254' title='bbox 287 3457 393 3523; x_wconf 87' lang='lat' dir='ltr'>munia</span> <span class='ocrx_word' id='word_1_255' title='bbox 411 3457 504 3522; x_wconf 88' lang='lat' dir='ltr'>simul</span> <span class='ocrx_word' id='word_1_256' title='bbox 518 3454 702 3536; x_wconf 83' lang='lat' dir='ltr'>obeuntem3</span> <span class='ocrx_word' id='word_1_257' title='bbox 720 3457 802 3521; x_wconf 92' lang='lat' dir='ltr'>illius</span> <span class='ocrx_word' id='word_1_258' title='bbox 818 3456 986 3543; x_wconf 91' lang='lat' dir='ltr'>propinqui</span> <span class='ocrx_word' id='word_1_259' title='bbox 999 3465 1031 3522; x_wconf 86' lang='lat' dir='ltr'>et</span> <span class='ocrx_word' id='word_1_260' title='bbox 1044 3455 1163 3520; x_wconf 87' lang='lat' dir='ltr'>adfines</span> 
     </span>
     <span class='ocr_line' id='line_1_36' title="bbox 142 3549 1164 3645; baseline 0.002 -32"><span class='ocrx_word' id='word_1_261' title='bbox 142 3549 312 3615; x_wconf 90' lang='lat' dir='ltr'>honoribus</span> <span class='ocrx_word' id='word_1_262' title='bbox 331 3550 539 3645; x_wconf 82' lang='lat' dir='ltr'>augebantur3</span> <span class='ocrx_word' id='word_1_263' title='bbox 556 3552 741 3638; x_wconf 76' lang='lat' dir='ltr'>utquisque</span> <span class='ocrx_word' id='word_1_264' title='bbox 752 3549 876 3617; x_wconf 86' lang='lat' dir='ltr'>&#39;Seiano</span> <span class='ocrx_word' id='word_1_265' title='bbox 898 3550 1040 3627; x_wconf 89' lang='lat' dir='ltr'>intimus,</span> <span class='ocrx_word' id='word_1_266' title='bbox 1059 3550 1164 3627; x_wconf 59' lang='lat' dir='ltr'>itassad</span> 
     </span>
     <span class='ocr_line' id='line_1_37' title="bbox 144 3642 1163 3729; baseline 0 -20"><span class='ocrx_word' id='word_1_267' title='bbox 144 3642 291 3709; x_wconf 86' lang='lat' dir='ltr'>Caesaris</span> <span class='ocrx_word' id='word_1_268' title='bbox 309 3645 477 3710; x_wconf 90' lang='lat' dir='ltr'>amicitiam</span> <span class='ocrx_word' id='word_1_269' title='bbox 494 3646 630 3724; x_wconf 82' lang='lat' dir='ltr'>validus3</span> <span class='ocrx_word' id='word_1_270' title='bbox 654 3655 761 3710; x_wconf 86' lang='lat' dir='ltr'>contra</span> <span class='ocrx_word' id='word_1_271' title='bbox 778 3645 892 3729; x_wconf 90' lang='lat' dir='ltr'>quibus</span> <span class='ocrx_word' id='word_1_272' title='bbox 909 3645 1051 3710; x_wconf 82' lang='lat' dir='ltr'>infensus</span> <span class='ocrx_word' id='word_1_273' title='bbox 1070 3653 1163 3722; x_wconf 88' lang='lat' dir='ltr'>esset,</span> 
     </span>
     <span class='ocr_line' id='line_1_38' title="bbox 142 3736 1164 3823; baseline 0 -21"><span class='ocrx_word' id='word_1_274' title='bbox 142 3746 229 3802; x_wconf 88' lang='lat' dir='ltr'>metu</span> <span class='ocrx_word' id='word_1_275' title='bbox 246 3759 283 3803; x_wconf 89' lang='lat' dir='ltr'>ac</span> <span class='ocrx_word' id='word_1_276' title='bbox 302 3737 446 3804; x_wconf 88' lang='lat' dir='ltr'>sordibus</span> <span class='ocrx_word' id='word_1_277' title='bbox 464 3736 805 3817; x_wconf 86' lang='lat' dir='ltr'>conflictabantur.neo</span> <span class='ocrx_word' id='word_1_278' title='bbox 818 3760 1007 3823; x_wconf 90' lang='lat' dir='ltr'>quemqnam</span> <span class='ocrx_word' id='word_1_279' title='bbox 1021 3737 1164 3823; x_wconf 88' lang='lat' dir='ltr'>exemplo</span> 
     </span>
     <span class='ocr_line' id='line_1_39' title="bbox 143 3831 1164 3918; baseline 0.003 -22"><span class='ocrx_word' id='word_1_280' title='bbox 143 3831 289 3897; x_wconf 87' lang='lat' dir='ltr'>adsumo:</span> <span class='ocrx_word' id='word_1_281' title='bbox 304 3842 432 3899; x_wconf 91' lang='lat' dir='ltr'>cunctos</span> <span class='ocrx_word' id='word_1_282' title='bbox 441 3834 496 3917; x_wconf 92' lang='lat' dir='ltr'>qni</span> <span class='ocrx_word' id='word_1_283' title='bbox 504 3835 666 3899; x_wconf 87' lang='lat' dir='ltr'>novissimi</span> <span class='ocrx_word' id='word_1_284' title='bbox 674 3834 795 3899; x_wconf 79' lang='lat' dir='ltr'>&#39;consilii</span> <span class='ocrx_word' id='word_1_285' title='bbox 804 3844 946 3918; x_wconf 87' lang='lat' dir='ltr'>expertes</span> <span class='ocrx_word' id='word_1_286' title='bbox 955 3833 1083 3909; x_wconf 87' lang='lat' dir='ltr'>suimus,</span> <span class='ocrx_word' id='word_1_287' title='bbox 1093 3855 1164 3899; x_wconf 90' lang='lat' dir='ltr'>meo</span> 
     </span>
     <span class='ocr_line' id='line_1_40' title="bbox 143 3924 1164 4003; baseline 0.002 -15"><span class='ocrx_word' id='word_1_288' title='bbox 143 3924 236 3988; x_wconf 87' lang='lat' dir='ltr'>unius</span> <span class='ocrx_word' id='word_1_289' title='bbox 255 3925 432 3990; x_wconf 88' lang='lat' dir='ltr'>discrimine</span> <span class='ocrx_word' id='word_1_290' title='bbox 450 3927 630 3993; x_wconf 70' lang='lat' dir='ltr'>defendam}</span> <span class='ocrx_word' id='word_1_291' title='bbox 648 3927 806 4003; x_wconf 86' lang='lat' dir='ltr'>nonenim</span> <span class='ocrx_word' id='word_1_292' title='bbox 821 3925 971 3993; x_wconf 88' lang='lat' dir='ltr'>Seianum</span> <span class='ocrx_word' id='word_1_293' title='bbox 984 3925 1164 3992; x_wconf 92' lang='lat' dir='ltr'>Vulsinien-</span> 
     </span>
     <span class='ocr_line' id='line_1_41' title="bbox 144 4015 1165 4113; baseline 0.004 -31"><span class='ocrx_word' id='word_1_294' title='bbox 144 4039 225 4096; x_wconf 88' lang='lat' dir='ltr'>sem,</span> <span class='ocrx_word' id='word_1_295' title='bbox 253 4019 310 4084; x_wconf 86' lang='lat' dir='ltr'>sed</span> <span class='ocrx_word' id='word_1_296' title='bbox 328 4018 481 4085; x_wconf 86' lang='lat' dir='ltr'>Claudiae</span> <span class='ocrx_word' id='word_1_297' title='bbox 498 4030 529 4085; x_wconf 94' lang='lat' dir='ltr'>et</span> <span class='ocrx_word' id='word_1_298' title='bbox 540 4015 645 4086; x_wconf 63' lang='lat' dir='ltr'>⁴Iuliae</span> <span class='ocrx_word' id='word_1_299' title='bbox 662 4021 775 4086; x_wconf 92' lang='lat' dir='ltr'>domus</span> <span class='ocrx_word' id='word_1_300' title='bbox 792 4031 926 4107; x_wconf 86' lang='lat' dir='ltr'>partem,</span> <span class='ocrx_word' id='word_1_301' title='bbox 939 4043 1031 4113; x_wconf 77' lang='lat' dir='ltr'>-quas</span> <span class='ocrx_word' id='word_1_302' title='bbox 1054 4020 1165 4086; x_wconf 88' lang='lat' dir='ltr'>adfini·</span> 
     </span>
     <span class='ocr_line' id='line_1_42' title="bbox 144 4114 1163 4201; baseline 0.006 -27"><span class='ocrx_word' id='word_1_303' title='bbox 144 4119 207 4176; x_wconf 86' lang='lat' dir='ltr'>tate</span> <span class='ocrx_word' id='word_1_304' title='bbox 222 4130 445 4198; x_wconf 88' lang='lat' dir='ltr'>occupaverat,</span> <span class='ocrx_word' id='word_1_305' title='bbox 464 4124 562 4193; x_wconf 90' lang='lat' dir='ltr'>tuum,</span> <span class='ocrx_word' id='word_1_306' title='bbox 582 4114 710 4193; x_wconf 86' lang='lat' dir='ltr'>Caesar,</span> <span class='ocrx_word' id='word_1_307' title='bbox 733 4136 897 4201; x_wconf 85' lang='lat' dir='ltr'>generum,</span> <span class='ocrx_word' id='word_1_308' title='bbox 920 4116 966 4180; x_wconf 90' lang='lat' dir='ltr'>tui</span> <span class='ocrx_word' id='word_1_309' title='bbox 983 4114 1163 4181; x_wconf 82' lang='lat' dir='ltr'>consulatus</span> 
     </span>
    </p>
   </div>
   <div class='ocr_carea' id='block_1_4' title="bbox 0 0 1393 4874">
    <p class='ocr_par' dir='ltr' id='par_1_6' title="bbox 0 0 1393 4874">
     <span class='ocr_line' id='line_1_43' title="bbox 0 0 1393 4874; baseline 0 0"><span class='ocrx_word' id='word_1_310' title='bbox 0 0 1393 4874; x_wconf 95' lang='lat' dir='ltr'> </span> 
     </span>
    </p>
   </div>
  </div>
 </body>
</html>
