2760 4874
258 402 300 466 60
608 406 790 465 CORNELII
804 403 934 462 TACITI

1116 503 1160 532 au
1179 495 1224 532 769.
1235 496 1280 533 770.

258 571 342 655 apud
355 568 495 633 turbidos
510 586 608 649 eoque
621 587 704 629 nova
721 563 896 648 cupientes3
915 571 1009 645 atque
1025 562 1094 646 ipse
1109 561 1194 625 adire
1212 584 1283 624 mu-

257 664 373 749 nicipia
389 661 523 728 obscuro
541 660 612 737 diei,
631 679 732 741 neque
750 657 912 742 propalam
929 656 1028 742 aspici
1044 677 1146 739 neque
1164 656 1283 720 diutius

258 760 359 823 isdem
376 757 467 834 locis3
491 756 548 821 sed
565 755 639 837 quia
655 752 769 818 veritas
788 753 859 816 visu
877 761 908 816 et
930 775 1031 828 mora,
1055 751 1136 815 falsa
1152 750 1285 816 festina-

258 853 341 917 tione
363 860 394 915 et
415 850 541 914 incertis
562 848 737 923 valescunt,
764 845 958 930 relinquebat
979 845 1096 910 famam
1119 854 1173 910 aut
1194 866 1285 929 prae-

208 966 241 1014 lo
258 944 411 1010 veniebat.
434 941 622 1029 vulgabatur
632 940 757 1005 interim
773 961 830 1025 per
842 939 965 1003 Italiam
980 948 1137 1004 servatum
1155 960 1285 1002 munere

258 1040 353 1103 deum
369 1035 561 1123 Agrippam,
584 1033 768 1099 credebatur
788 1033 923 1110 Romae3
945 1032 1071 1115 iamque
1089 1030 1215 1098 Ostiam
1236 1032 1282 1096 in·

199 1144 205 1156 '
258 1140 383 1196 vectum
405 1130 572 1203 multitudo
589 1129 716 1214 ingens,
738 1127 801 1190 iam
819 1127 853 1190 in
869 1126 947 1190 urbe
970 1126 1153 1190 clandestini
1176 1135 1284 1190 coetus

258 1223 470 1299 celebrabant,
494 1244 567 1288 cum
584 1221 747 1287 Tiberium
769 1241 883 1305 anceps
906 1243 981 1285 cura
1003 1219 1188 1296 distrahere,
1211 1220 1285 1283 vine

258 1319 392 1383 militum
415 1339 541 1383 servum
563 1338 656 1381 suum
678 1323 834 1379 coerceret
856 1337 898 1378 an
923 1315 1048 1378 inanem
1070 1314 1285 1379 eredulitatem

259 1424 397 1498 tempore
419 1411 489 1495 ipso
510 1431 679 1474 vanescere
702 1410 831 1487 sineret3
853 1409 947 1473 modo
964 1408 1042 1472 nihil
1065 1408 1284 1493 spernendum,

259 1506 353 1570 modo
374 1526 438 1568 non
463 1503 569 1568 omnia
588 1503 757 1567 metuenda
783 1502 950 1588 ambiguus
973 1502 1101 1587 pudoris
1123 1522 1160 1565 ac
1181 1512 1286 1566 metus

259 1597 437 1683 reputabat:
454 1606 613 1682 postremo
631 1597 685 1660 dat
701 1597 862 1682 negotium
882 1593 1033 1662 Sallustio
1052 1594 1175 1680 Crispo.
1196 1595 1249 1659 ille
1268 1618 1286 1659 e

259 1691 423 1757 clientibus
442 1692 521 1756 duos
536 1729 576 1738 -
590 1691 717 1774 quidam
734 1691 848 1754 milites
870 1689 970 1755 fuisse
987 1690 1113 1754 tradunt
1126 1689 1287 1774 -deligit

259 1796 353 1869 atque
374 1786 514 1850 hortatur
537 1785 681 1850 simulata
707 1785 897 1850 conscientia
919 1786 1046 1862 adeant,
1073 1784 1205 1849 offerant
1230 1806 1287 1869 pe-

260 1880 397 1956 cuniam,
424 1879 517 1943 fidem
544 1888 637 1962 atque
662 1879 801 1964 pericula
825 1879 1044 1964 polliceantur:
1071 1887 1287 1962 exsequuntur

259 1983 294 2037 ut
314 1970 436 2037 iussum
454 1981 535 2051 erat3
562 1973 635 2038 dein
657 1972 808 2058 speculati
830 1971 954 2038 noctem
975 1972 1210 2048 incustoditam,
1234 1994 1287 2036 ac-

260 2075 351 2151 cepta
364 2066 476 2130 idonea
488 2089 583 2129 manu
596 2067 736 2130 vinctum
749 2066 856 2131 clauso
869 2087 922 2130 ore
934 2067 968 2130 in
983 2066 1135 2152 palatium
1152 2073 1285 2129 traxere.

259 2159 453 2245 percontanti
479 2159 606 2224 Tiberio
632 2159 788 2242 quomodo
814 2159 959 2245 Agrippa
984 2160 1086 2228 factus
1114 2167 1210 2235 esset,
1237 2180 1288 2221 re-

261 2253 425 2338 spondisse
446 2252 545 2318 fertur
567 2254 744 2336 „quomodo
766 2263 801 2317 tu
820 2252 969 2318 Caesar.“
996 2263 1032 2317 ut
1054 2254 1160 2318 ederet
1182 2252 1286 2317 socios

261 2346 365 2432 subigi
382 2369 446 2411 non
458 2348 572 2431 potuit3
590 2369 649 2411 nec
662 2346 808 2412 Tiberius
819 2369 954 2432 poenam
971 2347 1038 2412 eius
1056 2347 1161 2432 palam
1179 2369 1286 2423 ansus,

259 2443 421 2507 insecreta
429 2443 536 2527 palatii
544 2450 632 2526 parte
640 2442 872 2507 interficiiussit
880 2464 1056 2527 corpusque
1066 2441 1146 2506 clam
1155 2441 1286 2518 anserri3

261 2544 292 2600 et
309 2557 498 2618 quamquam
515 2535 605 2599 multi
622 2557 640 2599 e
657 2536 751 2600 domo
768 2535 916 2620 principis
939 2535 1122 2618 equitesque
1140 2557 1177 2599 ae
1196 2557 1288 2599 sena

261 2639 343 2694 tores
362 2639 555 2696 sustentasse
568 2629 691 2715 opibus,
709 2630 827 2694 iuvisse
845 2630 982 2694 consiliis
996 2629 1182 2706 dicerentur,
1201 2628 1288 2693 haud

261 2722 447 2806 quaesitum.

210 2836 242 2882 ιι
325 2815 405 2879 Fine
430 2816 503 2879 anni
529 2838 620 2880 arcus
645 2826 772 2902 propter
802 2819 912 2882 aedem
940 2815 1068 2883 Saturni
1093 2817 1134 2882 ob
1160 2825 1288 2901 recepta

205 2964 208 2968 ,
262 2908 353 2994 signa
375 2931 447 2974 cum
460 2908 557 2974 Varo
579 2910 696 2975 amissa
721 2912 818 2975 ductu
841 2910 1034 2988 Germanici,
1061 2911 1211 2997 auspiciis
1232 2911 1288 2975 Ti-

261 3002 352 3078 berii,
380 3012 411 3066 et
432 3003 526 3067 aedes
547 3003 652 3069 Fortis
674 3005 833 3070 Fortunae
856 3005 995 3070 Tiberim
1021 3006 1109 3069 iuxta
1133 3005 1167 3068 in
1188 3005 1287 3069 hortis

261 3119 340 3205 quos
369 3093 488 3160 Caesar
514 3098 646 3163 dictator
670 3099 787 3184 populo
813 3100 957 3164 Romano
983 3099 1155 3185 legaverat,
1184 3121 1288 3164 sacra·

261 3191 341 3254 rium
360 3190 445 3276 genti
462 3191 562 3258 Iuliae
580 3193 763 3280 effigiesque
785 3194 859 3260 divo
876 3196 1005 3280 August
1006 3216 1025 3258 o
1043 3194 1127 3279 apud
1144 3193 1287 3259 Bovillas

262 3284 413 3349 dicantur.

221 3373 226 3381 ’
327 3376 365 3443 C.
381 3377 539 3456 Cancrum,
557 3381 598 3444 L.
612 3379 771 3448 Ponroruo
790 3320 969 3447 consulibus
984 3380 1191 3448 Germanicus
1207 3379 1288 3447 Cae-

262 3497 314 3539 sar
331 3497 359 3538 a.
378 3475 408 3537 d.
427 3498 467 3538 vn
484 3474 546 3538 kal.
561 3475 668 3540 Iunias
686 3475 888 3560 triumphavit
905 3476 944 3540 de
959 3475 1128 3541 Cheruscis
1148 3474 1288 3546 Chattis·

262 3591 323 3654 que
336 3577 368 3633 et
380 3567 577 3654 Angrivariis
593 3590 735 3652 quaeque
748 3570 827 3634 aliae
844 3570 986 3635 nationes
1005 3592 1106 3653 usque
1124 3571 1165 3634 ad
1178 3569 1288 3635 Albim

263 3662 382 3740 colunt3
404 3671 495 3727 vecta
516 3663 631 3747 spolia,
654 3663 784 3749 captivi,
808 3664 899 3758 sim=
977 3664 1162 3741 montium,
1185 3663 1289 3728 flumi-

261 3779 352 3833 num,
383 3756 584 3841 proeliorum
614 3757 807 3840 bellumque,
835 3752 930 3849 qui&
1035 3776 1086 3822 ere
1111 3757 1287 3843 prohibitus

263 3859 341 3925 erat,
360 3871 417 3934 pro
435 3849 577 3915 confecto
546 3850 767 3936 taccipiebat
768 3875 813 3915 ur.
841 3866 919 3961 aug
926 3924 964 3961 Ἰ
983 3848 1230 3931 Γιιιειιιίιιιιι
1199 3873 1287 3916 visus

264 3942 377 4006 eximia
397 3943 496 4028 ipsius
520 3945 640 4029 species
658 3967 828 4029 currusque
850 3924 989 4029 quinqile
1009 3945 1116 4011 liberis
1139 3954 1286 4022 onustus3

239 4034 240 4037 ’
259 4035 320 4098 sed
338 4035 464 4101 suberat
482 4038 604 4102 occulta
620 4038 754 4105 formido
771 4041 988 4124 reputantibus
1006 4039 1091 4104 haud
1103 4061 1287 4125 prosperum

264 4128 296 4194 in
313 4128 435 4208 Druso,
453 4140 541 4216 patre
560 4132 641 4210 eius,
660 4134 800 4199 faverem
818 4135 919 4221 vulgi,
939 4135 1128 4200 avunculum
1146 4133 1286 4199 eiusdem
