2760 4874
392 394 598 452 annmruu
615 397 690 450 aru.
705 396 782 452 xiv.
798 397 918 452 15-20.
1028 449 1031 453 ,
1080 378 1166 452 ”263

143 487 301 538 amma

143 556 269 619 colonos
287 553 460 617 Nucerinos
474 551 747 637 Pompeianosque
775 554 958 638 gladiatorio
976 557 1164 642 spectaculo,

141 648 226 732 quod
243 647 404 710 Livineius
418 646 576 731 Regulus,
590 669 683 728 quem
697 656 817 711 motum
835 657 945 712 senatu
962 650 1082 727 rettuli„
1094 652 1166 716 edc-

142 744 208 807 bat:
228 742 344 826 quippe
362 741 519 825 oppidana
535 740 664 805 lascivia
681 741 714 803 in
732 741 831 804 vicem
849 742 1024 827 inperantee
1041 744 1164 828 probra,

141 836 213 899 dein
231 858 317 911 saxa,
336 844 494 919 postremo
512 833 629 898 ferrum
648 857 819 919 sumpsere,
838 836 987 900 validiore
1000 836 1166 922 Pompeia-

140 953 251 994 norum
269 928 375 1014 plebe,
399 928 483 1014 apud
500 950 579 1010 quos
598 928 811 1012 spectaculum
829 928 992 1008 edebatur;
1015 953 1090 1017 ergo
1112 933 1166 995 de-

139 1024 254 1108 portati
268 1032 340 1087 sunt
357 1023 390 1086 in
402 1020 513 1086 urbem
530 1022 620 1085 multi
637 1044 655 1085 e
667 1021 832 1088 Nucerinis
845 1033 955 1088 trunco
968 1047 1025 1110 per
1036 1025 1166 1090 vulnera

140 1139 283 1202 corpore,
306 1139 343 1181 ac
364 1116 505 1201 plerique
526 1115 695 1180 liberorum
713 1126 767 1180 aut
787 1127 951 1202 parentum
973 1129 1089 1183 mortes
1112 1120 1166 1183 de—

140 1209 265 1274 flebant.
289 1210 377 1274 cuius
395 1210 440 1274 rei
458 1209 606 1273 iudicium
624 1209 769 1295 princeps
788 1212 929 1289 senatui,
945 1222 1074 1287 cuatus
1092 1235 1166 1276 eon-

140 1302 261 1368 sulibus
282 1303 439 1389 permisit,
470 1313 500 1367 et
521 1326 630 1367 rursus
652 1326 686 1367 re
708 1305 749 1367 ad
770 1315 874 1390 patres
900 1304 996 1370 relata
1018 1305 1166 1391 prohibiti

138 1396 264 1482 publice
281 1398 314 1461 in
332 1398 442 1462 decem
459 1419 558 1461 annos
568 1422 571 1429 ¹
583 1397 736 1462 eiusmodi
758 1408 848 1463 coctu
865 1399 1050 1485 Pompeiani
1073 1400 1166 1465 eollc-

138 1491 253 1577 giaque
271 1513 351 1575 quae
369 1501 477 1556 contra
493 1491 580 1576 leges
593 1491 798 1568 instituerant,
817 1492 982 1570 dissoluta3
999 1493 1166 1557 Livineius

139 1595 170 1649 et
188 1585 241 1669 qui
259 1586 312 1650 alii
330 1586 515 1650 seditionem
532 1585 743 1662 conciverant,
763 1587 856 1651 exilio
874 1586 996 1651 multati
1013 1597 1095 1651 sunt.

202 1678 311 1744 Motus
335 1689 445 1745 senatu
467 1688 498 1743 et
516 1678 634 1742 Pedius
656 1679 804 1757 Blaesus,
828 1680 1047 1746 accusantibus
1067 1680 1166 1766 Cyre·
1185 1702 1216 1750 18

137 1772 288 1838 nensibus
306 1772 455 1838 violatum
478 1772 517 1837 ab
541 1795 578 1837 eo
601 1773 781 1837 thesaurum
799 1772 981 1859 Aesculapii
1003 1775 1166 1839 dilectum-

137 1889 199 1950 que
216 1867 380 1930 militarem
398 1866 497 1951 pretio
516 1876 547 1930 et
564 1866 732 1930 ambitione
746 1877 934 1952 corruptum.
957 1869 1052 1932 iidem
1067 1868 1166 1954 Gyre-

137 1981 251 2025 nenses
269 1983 357 2024 rcum
375 1959 510 2045 agebant
527 1958 666 2023 Acilium
686 1958 888 2037 Strabonem,
905 1961 1061 2046 praetoria
1077 1972 1165 2046 pote-

138 2063 218 2119 state
239 2077 333 2119 usum
355 2063 387 2118 et
403 2053 535 2118 missum
558 2053 797 2138 disceptatorem
815 2079 837 2118 a
852 2054 985 2119 Claudio
1007 2077 1163 2139 agrorum,

136 2170 218 2232 quos
244 2149 328 2234 regis
355 2147 490 2233 Apionis
517 2148 676 2230 quondam
702 2149 799 2214 avitos
826 2159 858 2213 et
882 2149 998 2234 populo
1019 2150 1164 2214 Romano

136 2266 210 2308 cum
227 2266 324 2330 regno
339 2243 463 2308 relictos
476 2243 637 2328 proximus
651 2243 784 2326 quisque
797 2267 961 2329 possessor
974 2244 1163 2321 invaserant,

136 2337 319 2421 diutinaque
331 2338 456 2403 licentia
465 2348 496 2401 et
509 2336 622 2401 iniuria
634 2338 725 2420 quasi
738 2339 805 2402 iure
814 2348 845 2402 et
860 2359 961 2421 aequo
975 2337 1162 2402 nitebantur.

136 2431 234 2517 igitur
247 2432 432 2496 abiudicatis
446 2431 530 2517 agris
541 2441 608 2496 orta
622 2433 772 2496 adversus
786 2432 922 2496 iudicem
930 2432 1056 2508 invidia,
1070 2441 1103 2496 et
1115 2454 1165 2495 se-

138 2535 231 2590 natus
241 2526 348 2611 ignota
362 2525 506 2591 sibi‘esse
515 2525 662 2590 mandata
672 2524 798 2590 Claudii
807 2535 837 2590 et
846 2524 1071 2590 consulendum
1080 2525 1165 2609 prin-

136 2619 238 2703 cipem
256 2619 430 2705 respondit:
448 2618 532 2683 Nero
550 2618 680 2703 probata
701 2617 865 2685 Strabonis
884 2619 1046 2695 sententia,
1066 2641 1100 2684 se
1117 2619 1164 2682 ni-

135 2713 200 2777 lrilo
213 2713 316 2777 minus
332 2713 498 2781 subvenire
512 2714 605 2778 sociis
620 2723 651 2777 et
661 2723 810 2798 usurpata
818 2714 988 2778 concedere
996 2713 1162 2798 rescripsit.

203 2805 384 2891 Sequuntur
401 2807 539 2872 virorum
556 2807 723 2872 illustrium
741 2816 872 2882 mortes,
891 2807 1025 2871 Domitii
1042 2806 1116 2872 Afri
1132 2816 1164 2870 et
1183 2826 1213 2873 19

135 2900 193 2965 Μ.-
201 2899 335 2978 Servilii,
355 2901 407 2985 qui
422 2902 552 2966 summis
570 2901 741 2967 honoribus
760 2911 791 2967 et
808 2902 907 2966 multa
924 2901 1101 2985 eloquentia
1117 2900 1164 2964 vi-

135 3005 282 3080 guerant,
306 2995 357 3060 ille
374 2997 493 3061 orando
516 3018 642 3075 causas,
668 2994 820 3062 Servilius
839 2997 894 3059 diu
911 2995 993 3072 foro,
1012 3018 1086 3059 mox
1103 3004 1165 3058 tra-

136 3090 247 3153 dendis
265 3088 359 3153 rebus
382 3089 534 3155 Romanis
562 3090 692 3155 celebris
716 3100 747 3155 et
769 3090 924 3175 elegantia
945 3089 1041 3166 vitae,
1069 3111 1163 3170 quam

137 3183 299 3247 clariorem
317 3184 434 3262 effecit,
453 3196 488 3248 ut
501 3208 562 3269 par
578 3184 719 3269 ingenio,
738 3186 782 3248 ita
800 3206 921 3248 morum
940 3183 1092 3246 diversus.

202 3276 329 3344 Narona
343 3303 489 3355 cunarum,
510 3277 665 3343 Couuanro
682 3276 783 3351 Cosso
797 3275 978 3341 consulibus
992 3275 1164 3357 quinquen·
1183 3295 1216 3341 20

136 3370 208 3435 nale
225 3372 512 3437 ludicrum'Romae
526 3370 702 3435 institutum
715 3379 763 3434 est
774 3371 821 3439 ‚ad
835 3391 952 3433 morem
967 3366 1081 3433 Gracci
1099 3389 1165 3431 eer-

137 3467 277 3543 taurinis,
300 3466 387 3547 varia
404 3465 504 3543 fama,
527 3474 563 3528 ut
580 3474 692 3529 cuncta
709 3464 808 3527 ferme
826 3486 932 3540 nova3·
944 3462 1059 3546 quippe
1078 3471 1165 3524 erant
1216 3499 1228 3527 ι

137 3561 192 3642 qui
206 3558 266 3623 On.
283 3582 409 3644 quoque
421 3559 609 3645 Pompeium
626 3560 802 3623 incusatum
820 3581 839 3622 a
857 3555 1030 3622 senioribus
1049 3554 1165 3619 ferrent

136 3644 1233 3737 qmfflmwmmfflmffimmmmwwmmmmmuffl-'

138 3748 223 3812 tariis
241 3749 391 3834 gradibus
410 3758 441 3813 et
459 3771 553 3814 scena
569 3749 603 3811 in
624 3757 747 3831 tempus
771 3754 888 3810 structa
905 3745 995 3808 ludos
1018 3744 1069 3806 edi
1092 3742 1165 3806 soli-

137 3853 197 3920 tos,
212 3843 261 3907 vel
276 3843 303 3908 si
315 3845 486 3909 vetustiora
498 3852 632 3928 nepetae,
651 3851 785 3906 stantem
797 3839 948 3925 populum
962 3837 1162 3923 spectavisse,

137 3959 176 4001 aa
198 3937 225 4002 si
247 3938 421 4002 consideret
447 3937 581 4013 theatro,
610 3936 685 3999 dies
699 3944 781 4000 totos
808 3933 934 4020 ignavia
960 3931 1162 3997 continuaret.

139 4030 388 4114 spectaculorum
403 4032 530 4114 quidem
539 4029 708 4112 antiquitas
723 4038 907 4104 servaretur,
921 4026 1064 4110 quotiens
1074 4047 1164 4110 prae-

138 4134 217 4188 tores
237 4125 376 4202 oderent,
400 4125 486 4189 nulla
504 4125 649 4207 cuiquam
672 4123 786 4188 civium
808 4122 993 4189 necessitate
1011 4120 1162 4185 certandi:
