2760 4874
239 399 302 465 314
591 411 775 470 CORNELII
789 411 919 468 TACITI

1160 505 1269 543 ansts.

240 569 364 633 tendere
388 570 554 633 cervicem:
584 570 742 648 „utinam“
766 571 809 633 ait
833 580 887 649 „tu
905 580 969 634 tam
991 569 1113 634 fortiter
1131 570 1268 636 feriasl“

239 674 270 727 et
287 662 339 727 ille
357 663 489 727 multum
507 674 643 727 nemens
662 685 734 728 cum
752 664 805 727 vix
823 663 946 729 duobus
963 663 1079 729 ictibus
1093 674 1190 750 caput
1203 687 1270 728 am-

239 757 426 842 putavisset,
446 757 608 822 saevitiam
625 757 710 842 apud
726 757 883 821 Neronem
901 757 1041 836 iactavit,
1066 758 1270 845 sesquiplaga

239 850 437 915 interfectum
455 873 474 914 a
491 872 526 915 se
544 851 686 915 dicendo.

190 962 221 1009 os
304 943 488 1008 Proximum
506 944 698 1010 constantiae
716 944 896 1029 exemplum
906 942 1066 1030 Sulpicius
1074 944 1184 1032 Asper
1196 968 1270 1011 een-

239 1039 319 1102 turio
328 1038 480 1123 praebuit,
498 1040 692 1124 percontanti
703 1039 821 1104 Neroni
834 1060 889 1104 cur
898 1039 931 1103 in
944 1040 1074 1104 caedem
1088 1063 1180 1105 suam
1194 1063 1269 1106 eou-

240 1134 430 1218 spiravisset,
449 1132 586 1199 breviter
601 1134 794 1220 respondeus
812 1157 876 1199 non
892 1135 982 1199 aliter
999 1143 1045 1199 tot
1057 1135 1186 1221 flagitiis
1200 1136 1268 1201 eius

239 1227 397 1292 subveniri
415 1228 563 1313 potuisse.
591 1238 658 1293 tum
675 1228 795 1293 iussam
811 1250 946 1313 poenam
964 1228 1069 1293 subiit
1096 1251 1157 1294 nec
1174 1232 1268 1295 ceteri

239 1322 434 1386 centuriones
453 1323 485 1386 in
497 1322 707 1407 perpetiendis
722 1322 882 1407 suppliciis
896 1323 1141 1409 degeneravere:
1161 1337 1194 1388 at
1206 1347 1268 1388 non

238 1415 356 1480 Faenio
374 1416 459 1481 Rufo
477 1439 534 1502 par
551 1418 684 1494 animus,
703 1417 760 1482 sed
777 1417 1014 1482 lamentationes
1028 1439 1104 1482 suas
1122 1418 1220 1483 etiam
1237 1419 1267 1482 in

240 1520 458 1575 testamentum
477 1512 616 1577 contulit.

305 1604 538 1690 Opperiebatur
554 1605 637 1670 Nero
655 1616 690 1670 ut
707 1605 859 1672 Vestinus
882 1628 1008 1691 quoque
1025 1606 1138 1672 consul
1159 1607 1193 1671 in
1210 1608 1269 1672 cri-

238 1721 311 1762 men
329 1698 510 1777 traheretur,
529 1699 700 1764 violentum
718 1710 750 1765 et
766 1701 924 1766 infensum
941 1711 1042 1766 ratus:
1060 1702 1118 1766 sed
1136 1724 1178 1767 ex
1195 1725 1268 1767 con-

240 1793 347 1857 iuratis
366 1794 496 1858 consilia
514 1817 586 1859 eum
596 1793 728 1864 Vestino
746 1819 810 1861 non
825 1797 1014 1862 miscuerant
1031 1797 1162 1880 quidam
1180 1807 1268 1862 vetu-

239 1887 296 1952 stis
313 1888 346 1951 in
368 1911 440 1952 eum
462 1888 686 1966 simultatibus,
714 1889 833 1974 plnres,
856 1890 931 1973 quia
951 1889 1156 1974 praecipitem
1174 1904 1206 1955 et
1222 1891 1268 1955 in-

240 1982 420 2048 sociabilem
450 1983 627 2049 credebant.
664 1994 802 2048 ceterum
828 1984 946 2049 Neroni
976 1985 1083 2049 odium
1113 1986 1267 2051 adversus

238 2076 406 2141 Vestinum
424 2099 465 2142 ex
477 2078 586 2142 intima
600 2078 763 2143 sodalitate
777 2087 931 2163 coeperat,
951 2078 1027 2141 dum
1039 2078 1092 2143 hie
1106 2078 1266 2164 ignaviam

239 2171 387 2256 principis
414 2172 537 2255 penitus
565 2172 722 2258 cognitam
747 2172 894 2257 despicit,
919 2171 972 2237 ille
998 2170 1149 2236 ferociam
1176 2173 1268 2237 amici

239 2265 363 2341 metuit,
390 2287 484 2350 saepe
507 2267 626 2349 asperis
645 2264 766 2330 facetiis
789 2265 925 2342 inlusus,
953 2269 1033 2349 quae
1055 2265 1111 2330 ubi
1132 2267 1266 2332 multum

239 2382 279 2424 cx
296 2382 370 2424 vero
389 2369 520 2437 traxere,
547 2382 650 2425 acrem
674 2361 723 2425 sui
744 2361 928 2425 memoriam
949 2355 1138 2444 relinquunt
1162 2383 1267 2428 acees-

240 2463 322 2517 serat
339 2476 451 2538 repens
474 2477 583 2532 causa,
612 2455 696 2537 quod
713 2454 865 2519 Vestinus
886 2452 1042 2519 Statiliam
1058 2453 1266 2521 Messalinam

239 2549 435 2612 matrimonio
450 2547 510 2613 sibi
523 2549 675 2625 iunxerat,
694 2548 779 2613 haud
791 2549 918 2613 nescius
931 2549 1012 2612 inter
1024 2549 1184 2614 adulteros
1200 2551 1265 2615 eius

189 2656 220 2702 69
240 2654 270 2706 et
297 2641 466 2707 Caesarem
493 2665 572 2708 esse.
607 2644 703 2729 igitur
728 2664 792 2706 non
817 2642 959 2720 crimine,
994 2665 1058 2708 non
1084 2654 1266 2709 accusatore

240 2737 406 2812 existente,
433 2736 507 2817 quia
530 2737 666 2821 speciem
688 2737 800 2800 iudicis
822 2737 952 2801 induere
973 2759 1036 2800 non
1062 2748 1199 2822 poterat,
1227 2739 1266 2802 ad

239 2829 304 2891 vim
331 2829 550 2892 dominationis
577 2839 747 2894 conversus
776 2828 978 2895 Gerellanum
1008 2830 1169 2896 tribunum
1196 2855 1266 2896 cum

240 2921 365 2985 cohorte
383 2920 516 2983 militum
533 2922 661 2986 inmittit
677 2923 826 3007 iubetque
843 2925 1025 3009 praevenire
1043 2935 1174 2990 conatus
1193 2948 1266 2990 eon-

241 3015 331 3092 sulis‚
351 3036 503 3098 occupare
521 3015 608 3079 velut
625 3038 728 3080 arcem
746 3018 830 3095 eius,
856 3018 1029 3103 opprimere
1047 3018 1203 3083 delectam
1220 3021 1266 3083 iu-

239 3119 408 3186 ventutem,
427 3109 502 3192 quia
510 3107 661 3176 Vestinus
679 3110 877 3177 imminentes
896 3113 964 3177 foro
982 3113 1077 3177 aedes
1090 3113 1265 3196 decoraque

240 3204 366 3269 servitia
384 3213 415 3267 et
431 3203 500 3288 pari
517 3215 617 3268 aetate
635 3204 781 3270 habehat.
809 3217 922 3270 cuncta
939 3229 977 3270 eo
995 3207 1045 3269 die
1067 3207 1177 3271 munia
1195 3229 1266 3272 con·
1292 3249 1300 3262 -

241 3300 317 3364 sulis
339 3299 522 3384 impleverat
545 3299 784 3383 conviviumque
807 3299 997 3377 celebrabat,
1024 3299 1102 3363 nihil
1123 3310 1266 3365 metuens

241 3418 281 3457 an
299 3393 524 3458 dissimulando
543 3404 642 3470 metu,
662 3416 734 3457 cum
750 3393 885 3478 ingressi
902 3394 1016 3458 milites
1034 3394 1141 3458 vocari
1158 3417 1231 3458 eum
1249 3419 1268 3459 a

241 3488 364 3552 tribuno
383 3487 498 3551 dixere.
525 3488 577 3552 ille
595 3488 671 3552 nihil
690 3488 867 3579 demoratus
890 3485 1041 3573 exsurgit
1053 3498 1084 3552 et
1101 3489 1209 3554 omnia
1227 3490 1267 3553 si-

241 3584 308 3647 mul
324 3593 541 3668 properantur:
560 3583 714 3647 clauditur
731 3581 885 3659 cubiculo,
903 3593 1030 3668 praesto
1047 3592 1096 3647 est
1113 3583 1266 3659 medicus,

241 3679 465 3744 abscinduntur
482 3701 595 3755 venae,
622 3677 733 3763 vigens
751 3677 854 3741 adhuc
871 3677 983 3743 balneo
1000 3677 1147 3755 infertur,
1167 3678 1268 3742 calida

241 3797 322 3858 aqua
347 3782 514 3850 mersatur,
540 3773 627 3838 nulla
648 3773 731 3837 edita
752 3794 829 3836 voce
851 3794 914 3856 qua
936 3783 1035 3837 semet
1056 3773 1266 3837 miseraretur.

242 3867 424 3932 circumdati
448 3867 572 3931 iuterim
599 3866 742 3932 custodia
763 3866 818 3950 qui
844 3867 938 3930 simul
959 3865 1185 3931 discubuerant
1210 3889 1268 3931 nec

242 3963 302 4025 nisi
316 3970 464 4046 provecta
476 3970 568 4026 nocte
582 3960 691 4025 omissi
704 3967 786 4035 sunt,
804 3969 971 4044 postquam
984 3982 1133 4045 pavorem
1148 3983 1266 4036 eorum,

242 4078 281 4118 ex
299 4068 408 4119 mensa
425 4055 554 4119 exitium
572 4054 808 4140 opperientium,
827 4063 859 4118 et
875 4054 1064 4140 imaginatus
1078 4064 1110 4118 et
1127 4055 1267 4119 inridens

241 4147 324 4211 Nero
344 4148 419 4211 satis
443 4148 588 4233 supplicii
604 4149 702 4214 luisse
721 4148 764 4213 ait
780 4169 837 4232 pro
855 4149 955 4234 epulis
974 4147 1202 4225 consularibus.
