2760 4874
415 357 620 417 ANNALIUM
638 359 712 415 LIB.
730 359 766 414 II.
784 360 904 416 57-60.
1120 352 1168 416 69

138 452 306 507 amam

136 520 326 608 peiopolim,
347 517 476 583 Ciliciae
493 501 679 582 maritimam
697 515 819 594 urbem,
839 529 961 583 amotus
980 530 1040 586 est:
1060 521 1167 586 datum

137 614 171 679 id
183 637 255 681 ,non
272 612 368 678 modo
390 609 535 698 precibus
552 608 708 676 Artabani
730 611 787 675 sed
809 611 1013 677 contumeliae
1031 613 1166 692 Pisonis,

141 710 190 774 cui
215 705 418 795 gratissimus
445 713 511 769 erat
536 703 576 770 ob
602 704 736 791 plurima
762 705 867 770 officia
889 715 920 770 et
946 706 1029 772 dona
1054 708 1168 791 quibus

140 801 327 869 Plancinam
344 798 534 890 devinxerat.

203 894 253 960 M.
270 892 397 971 Sarno,
416 893 457 956 L.
472 891 618 959 Norasne
637 892 818 959 consulibus
839 890 1044 960 Germanicus
1058 893 1168 982 Aegy·
1186 918 1217 966 sc

139 1001 230 1077 ptum
243 987 451 1074 proficiscitur
463 987 699 1073 cognoscendae
716 988 922 1078 antiquitatis3
941 990 997 1053 sed
1010 1010 1085 1054 cura
1096 1012 1168 1075 pro-

140 1083 263 1148 vinciae
285 1079 557 1168 praetendebatur:
584 1080 760 1165 levavitque
783 1082 897 1167 apertis
923 1081 1042 1147 horreis
1068 1085 1168 1168 pretia

140 1178 285 1264 hugum,
307 1172 467 1258 multaque
483 1174 517 1238 in
534 1174 648 1261 vulgus
670 1185 760 1262 grata
781 1176 957 1262 usurpavit:
981 1177 1048 1242 sine
1071 1177 1167 1242 milite

140 1270 301 1347 incedere,
320 1267 452 1354 pedibus
470 1267 593 1333 intectis
612 1278 643 1333 et
659 1270 727 1354 pari
745 1291 816 1334 cum
835 1268 965 1336 Graecis
983 1271 1108 1348 amictu,
1127 1270 1166 1336 P.

142 1363 302 1450 Scipionis
320 1362 541 1440 aemulatione,
565 1383 659 1445 quem
677 1364 787 1433 eadem
804 1363 995 1430 factitavisse
1013 1365 1097 1450 apud
1116 1362 1168 1431 Si-

141 1458 261 1535 ciliam,
284 1456 428 1540 quamvis
446 1455 598 1542 flagrante
615 1456 718 1523 adhuc
735 1456 914 1525 Poenorum
931 1457 1027 1536 bello,
1046 1459 1167 1544 accepi-

139 1575 222 1618 mus.
254 1550 401 1617 Tiberius
423 1551 509 1616 cultu
534 1550 705 1636 habituque
727 1553 794 1617 eius
816 1552 940 1619 lenibus
965 1552 1070 1619 verbis
1095 1576 1166 1640 per-

141 1647 249 1712 stricto
272 1645 420 1723 acerrime
445 1644 598 1731 increpuit
623 1647 708 1730 quod
730 1656 838 1712 contra
863 1648 1004 1713 instituta
1026 1646 1166 1735 Augusti

139 1763 204 1806 non
222 1748 334 1826 sponte
355 1738 503 1825 principis
520 1738 746 1805 Alexandriam
767 1741 940 1826 introisset:
962 1765 1036 1806 nam
1052 1740 1166 1828 Augu-

139 1845 210 1903 stus
230 1835 313 1901 inter
333 1834 395 1899 alia
420 1834 639 1899 dominationis
661 1858 775 1901 arcana
800 1837 903 1901 vetitis
930 1837 990 1902 nisi
1011 1836 1166 1921 permissu

139 1930 264 2018 ingredi
285 1927 480 1994 senatoribus
503 1939 557 1993 aut
574 1928 731 2012 equitibus
748 1929 899 2020 Romanis
917 1929 1098 1996 inlustribus
1117 1952 1166 1995 se-

138 2023 247 2112 posuit
263 2021 462 2111 Aegyptum,
484 2045 524 2088 ne
541 2023 626 2089 fame
648 2036 772 2112 urgeret
789 2026 914 2090 Italiam
936 2026 1077 2109 quisquis
1096 2047 1165 2088 eam

138 2117 334 2205 provinciam
346 2118 543 2202 claustraque
557 2127 656 2183 terrae
670 2141 708 2183 ac
721 2120 826 2197 maris,
845 2119 989 2202 quamvis
1002 2118 1064 2182 levi
1077 2139 1166 2203 prae-

139 2213 222 2279 sidio
242 2213 412 2278 adversum
432 2213 576 2300 ingentes
602 2214 773 2292 exercitus,
799 2213 976 2278 insedisset.
1008 2213 1064 2277 sed
1086 2209 1166 2278 Ger·
1184 2234 1216 2280 eo

137 2307 297 2385 manicus,
323 2309 463 2372 nondum
489 2318 647 2393 comperto
672 2307 897 2394 profectionem
923 2329 993 2372 eam
1018 2307 1164 2384 incusari,

137 2402 213 2468 Nilo
230 2399 476 2479 subvehebatur‚
500 2425 589 2468 orsus
608 2402 724 2488 oppido
742 2425 761 2466 a
779 2400 924 2487 Canopo:
948 2401 1113 2465 condidere
1131 2401 1166 2465 id

140 2493 291 2582 Spartani
307 2495 348 2560 ob
366 2495 524 2581 sepultum
540 2497 603 2569 illic
620 2504 774 2561 rectorem
790 2495 881 2560 navis
900 2493 1079 2580 Canopum,
1103 2516 1166 2577 qua

138 2597 327 2674 tempestate
335 2588 501 2654 Menelaus
517 2587 683 2655 Graeciam
695 2599 840 2676 repetens
854 2589 1013 2655 diversum
1026 2589 1067 2654 ad
1079 2611 1165 2654 mare

138 2693 316 2766 terramque
337 2682 475 2769 Libyam
497 2683 635 2748 deiectus
659 2681 748 2773 [cst].,
772 2685 845 2749 inde
866 2684 1042 2770 proximum
1065 2685 1164 2750 amnis

138 2800 175 2844 os
203 2777 341 2843 dicatum
362 2775 508 2856 Herculi,
535 2800 629 2862 quem
654 2779 820 2866 indigenae
847 2789 948 2844 ortum
971 2780 1056 2865 apud
1078 2801 1112 2844 se
1134 2788 1165 2844 et

138 2870 392 2955 antiquissimum
417 2871 582 2957 perhibent
607 2895 723 2957 eosque
745 2875 799 2958 qui
823 2883 934 2960 postea
959 2874 1027 2959 pari
1052 2874 1165 2939 virtme

137 2964 265 3042 fuerint,
284 2964 317 3028 in
330 2975 571 3051 cognomentum
588 2966 655 3031 eius
673 2967 819 3034 adscitos.
842 2992 917 3034 mox
933 2968 1007 3032 visit
1024 2977 1165 3032 veterum

138 3057 324 3124 Thebarum
341 3082 457 3146 magna
473 3060 621 3147 vestigia:
644 3070 676 3126 et
693 3061 860 3127 manebant
883 3062 1007 3128 structis
1029 3060 1164 3126 molibus

137 3152 261 3218 litterae
273 3151 462 3240 Aegyptiae,
479 3155 614 3240 priorem
628 3155 818 3240 opulentiam
832 3155 1026 3240 complexae3
1044 3155 1165 3220 iussus·

138 3266 201 3330 que
218 3267 237 3310 e
256 3247 429 3334 senioribus
449 3248 645 3314 sacerdotum
665 3249 799 3334 patrium
823 3271 997 3314 sermonem
1014 3248 1164 3333 interpre-

138 3339 208 3416 tari,
226 3339 382 3414 referebat
398 3341 557 3408 habitasse
575 3343 732 3426 quondam
747 3343 944 3428 septingenta
960 3341 1046 3405 milia
1063 3349 1164 3405 aetate

138 3432 280 3511 militari,
310 3443 403 3517 atque
426 3458 463 3501 eo
485 3458 557 3500 eum
580 3436 718 3500 exercitu
738 3459 844 3523 regem
866 3436 1027 3502 Rhamsen
1047 3433 1162 3520 Libya,

138 3526 312 3614 Aethiopia
329 3529 497 3614 Medisque
516 3539 547 3595 et
559 3529 667 3596 Persis
685 3540 716 3595 et
732 3530 899 3596 Bactriano
917 3552 954 3595 ac
973 3527 1092 3614 Scytha
1108 3550 1162 3615 po-

138 3621 247 3699 titum,
272 3644 413 3707 quasque
435 3633 531 3690 terras
551 3622 625 3710 Syri
642 3623 846 3707 Armeniique
869 3633 900 3689 et
921 3623 1060 3710 contigui
1079 3620 1163 3708 Cap·

136 3715 277 3800 padoces
303 3717 421 3796 colunt,
448 3719 521 3784 inde
543 3719 731 3805 Bithynum,
757 3717 831 3783 hino
852 3718 989 3804 Lycium
1015 3718 1056 3783 ad
1077 3740 1163 3782 mare

137 3809 270 3893 imperio
290 3811 444 3888 tenuisse:
470 3812 654 3900 legebantur
675 3822 706 3877 et
726 3806 844 3877 indicta
868 3810 1014 3899 gentibus
1036 3811 1160 3889 tributa,

137 3901 263 3988 pondus
281 3906 402 3991 argenti
419 3915 450 3970 et
468 3908 544 3985 auri,
562 3928 710 3972 numerus
729 3929 885 3973 armorum
902 3929 1114 3992 equorumque
1132 3917 1163 3971 et

137 3997 222 4063 dona
239 4000 363 4086 templis
381 4001 459 4067 ebur
475 4011 568 4086 atque
586 4003 710 4081 odores,
734 4024 874 4086 quasque
891 4002 997 4091 copias
1014 4001 1162 4068 frumenti

137 4101 171 4157 et
189 4092 328 4159 omnium
350 4095 530 4168 utensilium
547 4114 690 4182 quaeque
711 4097 796 4163 natio
817 4096 979 4182 penderet,
1001 4095 1086 4162 haud
1103 4095 1162 4160 mi·
