2760 4874
237 396 300 465 296
588 406 914 466 connnmrmcrm

1111 505 1114 508 ·
1153 499 1262 537 a.u.81tt.

235 578 375 634 vetustas
402 567 597 652 obrepserat,
634 565 750 652 porgit,
769 574 800 629 et
817 565 977 630 venientes
996 564 1145 630 Tiridatis
1164 562 1261 630 Volo

236 664 383 750 gesisque
409 663 448 727 de
470 684 548 747 pace
570 662 690 748 legatos
716 659 801 724 haud
827 669 1026 744 aspematus‚
1053 661 1197 746 adiungit
1223 661 1262 724 iis

235 757 431 824 centuriones
450 779 521 820 cum
539 755 694 820 mandatis
712 777 775 819 non
791 754 967 819 inmitibus:
986 776 1044 818 nec
1057 755 1141 819 enim
1150 755 1269 818 adhuc·

236 875 273 917 co
288 861 416 916 ventum
429 861 464 915 ut
477 850 645 915 certamine
659 858 799 913 extremo
817 870 897 933 opus
916 858 1014 926 esset3
1032 848 1131 912 multa
1144 849 1264 913 Roma.-

235 947 284 1012 nis
308 946 460 1022 secunda,
487 945 643 1028 quaedam
660 942 786 1007 Parthis
809 943 968 1020 evenisse,
996 942 1183 1007 documento
1207 943 1263 1007 ad-

235 1063 345 1106 versus
365 1038 556 1124 superbiam:
575 1038 705 1123 proinde
723 1047 754 1101 et
767 1036 900 1100 Tiridati
917 1036 1092 1101 conducere
1108 1036 1261 1102 intactum

235 1133 461 1200 vastationibus
479 1155 611 1219 regnum
628 1133 712 1197 dono
729 1131 883 1216 accipere,
902 1141 933 1196 et
950 1129 1132 1218 Vologesen
1149 1132 1261 1196 melius

236 1229 383 1294 societate
406 1228 549 1292 Romana
570 1249 665 1310 quam
688 1226 809 1289 damnis
827 1225 944 1289 mutuis
962 1226 1048 1310 genti
1070 1225 1261 1290 Parthorum

236 1321 458 1387 consulturum.
479 1321 557 1385 scire
575 1328 727 1404 quantum
745 1318 829 1383 intus
848 1318 1083 1396 discordiarum,
1103 1340 1262 1401 quamque

234 1415 403 1480 indomitas
422 1424 453 1478 et
470 1413 667 1499 praeferoces
684 1412 827 1477 nationes
844 1424 980 1498 regeret:
1003 1422 1111 1476 contra
1128 1412 1264 1496 impera-

236 1510 294 1573 tori
313 1532 371 1573 suo
388 1510 549 1572 immotam
567 1507 683 1590 ubique
701 1528 811 1591 pacem
830 1515 861 1569 et
878 1528 976 1569 unum
994 1505 1027 1569 id
1045 1505 1163 1570 bellum
1181 1528 1262 1571 esse.

236 1602 328 1666 simul
337 1602 467 1686 consilio
476 1612 622 1665 terrorem
637 1600 768 1677 adicere,
779 1609 810 1664 et
818 1599 1008 1685 megistanas
1014 1598 1194 1676 Armenios,
1207 1600 1262 1682 qui

234 1695 327 1780 primi
340 1718 359 1758 a
371 1693 461 1757 nobis
479 1693 666 1769 defecerant,
685 1694 773 1778 pellit
791 1689 928 1770 sedibus,
944 1694 1072 1758 castella
1085 1716 1193 1758 eorum
1209 1716 1264 1757 ex·

235 1788 340 1863 cindit,
354 1787 457 1871 plana,
472 1787 563 1864 edita,
579 1786 699 1851 'validos
709 1787 925 1870 invalidosque
939 1789 1007 1872 pari
1020 1797 1106 1852 metu
1115 1789 1261 1873 complet.

184 1896 217 1952 aa
261 1908 263 1913 ’
298 1880 370 1945 Non
387 1881 545 1970 infensum
563 1903 620 1945 nec
639 1904 710 1945 cum
727 1881 832 1945 hostili
850 1882 921 1947 odio
940 1880 1129 1946 Corbulonis
1147 1904 1263 1946 nomen

236 1976 329 2040 etiam
348 1974 487 2041 barbaris
506 1974 689 2052 habebatur,
708 1998 807 2058 eoque
822 1976 986 2040 consilium
1000 1976 1066 2040 eius
1080 1975 1177 2039 fidum
1197 1995 1264 2039 cre-

235 2069 364 2148 debant3
383 2092 458 2156 ergo
477 2070 651 2155 Vologeses
670 2091 771 2152 neque
790 2080 879 2134 atrox
896 2070 930 2133 in
948 2093 1117 2146 summam,
1141 2079 1172 2134 et
1194 2070 1264 2152 qui·

235 2163 370 2229 busdam
387 2164 590 2249 praefecturis
609 2164 745 2228 indutias
763 2163 855 2248 petit;
875 2163 1032 2228 Tiridates
1050 2163 1155 2228 locum
1164 2164 1264 2227 diem-

235 2280 297 2342 que
315 2258 469 2340 colloquio
487 2259 597 2342 poscit.
625 2268 748 2342 tempus
766 2258 990 2342 propinquum,
1017 2257 1120 2334 locus,
1148 2258 1263 2340 inquo

235 2374 335 2437 nuper
348 2351 496 2416 obsessae
507 2374 577 2415 cum
586 2351 686 2415 Paeto
699 2351 838 2436 legiones
857 2360 954 2428 erant,
974 2360 1039 2414 tum
1053 2349 1194 2415 barbaris
1208 2351 1264 2414 de-

235 2445 334 2509 lectus
353 2454 400 2509 est
423 2445 463 2510 ob
481 2446 663 2510 memoriam
681 2445 817 2509 laetioris
841 2444 901 2509 sibi
918 2444 977 2520 rei,
996 2442 1181 2511 ‘Corbuloni
1199 2466 1263 2508 non

235 2540 365 2615 vitatuS,
383 2548 418 2602 ut
437 2539 656 2603 dissimilitudo
679 2538 822 2603 fortunae
840 2539 971 2624 gloriam
990 2548 1132 2623 augeret3
1160 2560 1262 2620 neque

235 2633 365 2697 infamia
386 2632 477 2696 Paeti
503 2633 688 2718 angebatur,
714 2633 800 2715 quod
826 2654 863 2696 eo
888 2632 1024 2695 maxime
1046 2631 1161 2716 patuit,
1189 2632 1264 2714 quia

236 2728 300 2790 filio
319 2728 385 2791 eius
405 2726 528 2791 tribuno
547 2729 660 2791 ducere
679 2727 854 2811 manipulos
873 2737 966 2808 atque
981 2722 1261 2811 operire‘reliquias

236 2820 336 2882 malac
358 2842 483 2904 pugnae
509 2822 683 2904 imperavit.
711 2822 761 2884 dic
783 2831 876 2906 pacta
898 2820 1045 2885 Tiberius
1067 2816 1261 2896 Alexander,

221 2913 375 2977 'inlustris
389 2935 484 2994 eques
493 2913 665 2990 Romanus,
685 2916 827 2979 minister
844 2914 926 2980 bello
944 2915 1045 2990 datus,
1066 2913 1262 2978 etVinianus

236 3006 375 3083 Annius,
403 3029 500 3092 gener
517 3006 718 3085 Corbulonis,
746 3011 886 3074 nondum
909 3010 1063 3075 senatoria
1085 3019 1188 3073 aetate
1207 3009 1263 3072 sed

235 3122 292 3186 pro
319 3101 423 3186 legato
451 3102 576 3184 quintae
599 3102 715 3188 legioni
736 3103 904 3188 inpositus,
931 3105 964 3167 in
987 3113 1089 3168 castra
1112 3102 1262 3166 Tiridatis

236 3215 362 3272 venere,
381 3195 490 3260 honori
509 3197 590 3273 eius,
615 3220 651 3261 ac
669 3221 709 3262 ne
727 3209 879 3262 metueret
900 3199 1029 3262 insidias
1048 3197 1102 3260 tali
1119 3198 1261 3282 pignore.

236 3290 337 3352 viceni
364 3289 475 3354 dehinc
502 3291 621 3380 equites
648 3291 820 3376 adsumpti3
847 3300 878 3355 et
903 3293 972 3355 viso
1000 3290 1180 3355 Corbulone
1207 3313 1263 3354 rex

156 3456 160 3465 Ι
236 3385 320 3468 prior
346 3407 426 3467 equo
453 3382 591 3462 desiluit3
619 3380 685 3450 nec
704 3396 867 3450 cunctatus
896 3384 1049 3461 Corbulo,
1083 3385 1139 3449 sed
1164 3387 1263 3469 pedes

237 3489 366 3560 uterque
385 3480 528 3543 dexteras
547 3480 710 3544 miscuere.
835 3547 840 3551 ,
1184 3553 1187 3558 ,

187 3587 218 3635 29
299 3572 386 3635 Exin
406 3573 569 3637 Romanus
591 3574 698 3637 laudat
724 3574 869 3637 iuvenem
892 3573 1016 3638 omissis
1039 3572 1263 3658 praecipitibus

237 3674 303 3730 tuta
329 3675 359 3730 et
385 3667 532 3731 salutaria
558 3676 782 3751 capessentem.
810 3667 861 3730 ille
885 3668 923 3731 de
949 3667 1110 3743 nobilitate
1138 3668 1263 3752 generis
1320 3717 1322 3719 -

236 3760 368 3823 multum
395 3761 553 3844 praefatus
581 3770 683 3825 cetera
713 3770 923 3846 temperanter
953 3761 1108 3846 adiungit:
1145 3762 1265 3825 iturum

237 3854 351 3938 quippe
364 3854 504 3940 Romam
515 3855 712 3937 latummque
729 3878 846 3920 novum
857 3854 987 3919 Caesari
1000 3856 1106 3931 decim,
1125 3878 1191 3919 non
1210 3856 1265 3919 ad-

236 3948 334 4011 versis
352 3947 539 4013 Parthorum
556 3948 649 4013 rebus
669 3949 841 4034 supplicem
854 3947 1039 4014 Arsaciden.
1058 3958 1125 4012 tum
1143 3950 1265 4035 placuit

238 4040 397 4105 Tiridaten
419 4065 534 4126 ponere
557 4037 642 4126 apud
664 4043 802 4129 effigiem
822 4042 968 4108 Caesaris
991 4043 1116 4129 insigne
1134 4044 1264 4129 regium

237 4155 295 4197 nec
320 4134 381 4198 nisi
407 4159 501 4205 manu
521 4130 655 4202 Neronis
681 4161 854 4216 resumere3
882 4147 912 4203 et
934 4137 1126 4221 colloquium
1153 4135 1263 4209 osculo
