2760 4874
400 361 617 423 ANNALIUM·
626 365 699 420 LIB.
712 365 779 420 XII.
793 365 912 422 59-64.
1105 356 1168 422 223

145 457 303 509 amam

144 537 176 592 et
198 525 312 609 quibus
335 523 469 606 quisque
491 519 644 587 aetatibus
667 522 855 609 viguissent3
877 525 954 607 quin
975 527 1069 591 ctiam
1090 527 1169 591 dixit

142 618 400 704 Xenophontem,
420 617 509 681 cuius
525 617 655 681 scientia
670 618 739 703 ipse
756 627 903 697 uteretur,
923 621 1033 685 cadem
1050 621 1169 684 familia

143 724 256 790 ortum,
274 711 483 796 precibusque
500 711 568 776 cius
586 710 724 776 dandum
741 722 776 776 ut
793 713 878 777 omni
895 715 1010 780 tributo
1027 716 1119 779 vacui
1135 716 1169 779 in

142 817 304 894 posterum
319 805 379 870 Coi
393 828 514 869 sacram
532 813 563 869 et
576 814 695 869 tanturn
714 807 765 870 dei
778 807 951 872 ministram
964 809 1098 872 insulam
1117 832 1169 873 co-

141 903 256 966 lerent:
279 922 381 983 neque
403 899 534 964 dubium
551 898 683 963 habetur
704 901 803 964 multa
825 903 994 966 eorundem
1015 903 1048 966 in
1069 927 1169 988 popu-

141 996 209 1059 lum
226 995 405 1060 Romanum
426 993 537 1057 merita
559 993 722 1077 sociasque
745 995 890 1059 victorias
912 996 1051 1080 potuisse
1075 997 1168 1074 tradi;

143 1090 201 1154 scd
219 1088 372 1153 Claudius
390 1088 539 1152 facilitate
558 1087 657 1164 solita,
677 1089 762 1171 quod
779 1089 834 1152 uni
852 1100 1056 1168 concesserat,
1074 1091 1167 1155 nullis

142 1183 336 1249 extrinsecus
356 1181 543 1245 adiumentis
562 1181 686 1246 velavit.

206 1274 253 1340 At
274 1275 422 1359 Byzantii
444 1275 517 1338 data
543 1275 667 1338 dicendi
693 1276 796 1360 copia,
823 1298 896 1341 cum
921 1276 1168 1362 magnitudinem
1187 1298 1218 1345 aa

142 1393 274 1435 onerum
296 1371 380 1455 apud
402 1380 545 1435 senatum
567 1371 821 1456 deprecarentur,
848 1381 960 1437 cuncta
981 1373 1166 1457 repetivere:

140 1465 206 1529 orsi
224 1488 243 1528 a
259 1463 394 1541 foedere,
414 1465 498 1547 quod
511 1464 676 1529 nobiscum
693 1465 811 1529 icerant
823 1487 886 1551 qua
900 1475 1084 1551 tempestate
1103 1466 1168 1530 bel-

140 1558 275 1623 lavimus
290 1560 440 1624 adversus
453 1582 561 1645 regern
569 1558 791 1637 Macedonum,
805 1561 857 1624 cui
869 1571 904 1624 ut
913 1561 1059 1647 degeneri
1067 1560 1169 1625 Pseu-

141 1653 316 1739 dophilippi
334 1653 521 1718 vocabulum
535 1654 715 1738 inpositum,
734 1654 847 1719 missas
864 1655 997 1740 posthac
1011 1655 1117 1739 copias
1135 1655 1168 1718 in

140 1746 348 1825 Antiochum,
371 1748 505 1825 Persen,
528 1748 758 1825 Aristonicum,
781 1758 813 1813 et
828 1747 960 1835 piratico
981 1748 1063 1814 bello
1081 1749 1169 1812 adiu-

141 1853 208 1907 tum
226 1843 400 1907 Antonium
418 1844 646 1920 memorabant,
669 1865 813 1927 quaeque
831 1842 939 1908 Sullae
961 1853 1016 1909 aut
1031 1844 1168 1907 Lucullo

141 1947 197 2002 aut
208 1937 360 2021 Pompeio
374 1937 570 2013 obtulissent,
589 1959 663 2000 mox
676 1937 814 2000 recentia
829 1936 863 1999 in
876 1935 1030 2002 Caesares
1048 1938 1167 2014 merita,

132 2032 267 2116 ‚quando
285 2053 323 2095 ea
340 2030 409 2095 loca
426 2030 597 2094 insiderent
619 2052 700 2113 quae
718 2030 982 2095 transmeantibus
1003 2039 1086 2095 terra
1102 2054 1169 2095 ma-

139 2125 230 2208 rique
252 2125 385 2189 ducibus
413 2124 678 2207 exercitibusque,
705 2123 799 2188 simul
824 2123 967 2188 vehendo
993 2134 1168 2188 commeatu

140 2228 316 2304 opportuna
329 2219 440 2283 forent.
458 2240 594 2302 namque
609 2217 765 2282 artissimo
778 2217 858 2282 inter
866 2217 1027 2303 Europam
1041 2216 1169 2282 Asiam·
1187 2240 1218 2287 aa

139 2334 202 2397 que
217 2313 348 2377 divortio
357 2312 547 2397 Byzantium
560 2312 594 2375 in
607 2321 747 2375 extrema
755 2311 886 2396 Europa
898 2335 1032 2398 posuere
1043 2310 1166 2390 Graeci,
1278 2314 1283 2324 ‘

140 2406 254 2490 quibus
277 2406 428 2492 Pythium
449 2405 633 2490 Apollinem
660 2405 895 2470 consulentibus
918 2406 973 2471 ubi
999 2406 1168 2470 conderent

139 2499 263 2577 urbem,
286 2500 442 2565 redditum
464 2499 624 2564 oraculum
643 2509 704 2577 est,
728 2508 912 2582 quaererent
935 2500 1042 2563 sedem
1060 2521 1168 2562 caeco-

139 2617 210 2659 rum
228 2594 316 2659 terris
335 2595 512 2659 adversam:
532 2616 569 2658 ea
587 2593 720 2679 ambage
736 2592 940 2658 Chalcedonii
953 2592 1168 2658 monstraban-

140 2697 204 2766 tur,
223 2689 308 2771 quod
324 2689 443 2774 priores
460 2689 535 2752 illuc
553 2689 689 2765 advecti,
707 2688 852 2773 praevisa
868 2687 1008 2753 locorum
1025 2687 1167 2762 util‘dntc,

138 2782 246 2868 peiora
267 2783 432 2868 legissent3
458 2783 574 2868 quippe
596 2783 788 2868 Byzantium
809 2782 903 2847 fertili
925 2781 1006 2860 sole,
1033 2781 1168 2846 fecundo

139 2877 232 2954 mari,
255 2877 328 2958 quia
345 2877 393 2940 vis
410 2876 545 2960 piscium
563 2876 707 2940 inmensa
723 2875 861 2940 Pontum
880 2897 1046 2961 erumpens
1065 2884 1096 2938 et
1113 2874 1169 2939 ob·
1243 2944 1247 2949 ,

139 2969 233 3053 liquis
253 2969 360 3033 subter
377 2969 477 3032 undas
502 2969 586 3033 saxis
610 2969 757 3034 exterrita
780 2970 898 3035 omisso
920 2970 1046 3034 alterius
1068 2968 1167 3033 litoris

138 3064 223 3127 flexu
245 3062 303 3126 hos
325 3061 366 3125 ad
386 3071 495 3145 portus
518 3062 666 3126 defertur.
696 3063 781 3127 unde
805 3063 906 3148 primo
933 3063 1115 3146 quaestuosi
1137 3073 1168 3126 et

139 3156 288 3240 opulenti,
306 3164 379 3241 post
392 3156 607 3241 magnitudine
622 3179 751 3221 onerum
770 3166 900 3242 urgente
917 3157 1012 3219 finem
1030 3165 1084 3219 aut
1100 3178 1169 3220 mo-

140 3251 215 3313 dum
234 3249 377 3326 orabant,
396 3249 554 3313 adnitente
571 3249 724 3335 principe,
743 3250 798 3332 qui
816 3248 950 3313 Threcio
968 3248 1168 3332 Bosporano-

138 3366 201 3428 que
219 3341 300 3408 bcllo
318 3365 426 3408 recens
445 3343 547 3408 fessos
561 3343 776 3427 iuvandosque
793 3343 923 3408 rettulit:
941 3343 986 3407 ita
1002 3341 1118 3412 tributa
1134 3341 1168 3405 in

138 3437 386 3522 quinquennium
403 3438 545 3503 remissa.

202 3530 250 3595 M.
263 3530 382 3609 Asnuo,
401 3531 448 3596 M.
462 3531 574 3597 Aonro
593 3531 774 3597 consulibus
792 3531 995 3596 mutationem
1012 3550 1118 3595 rerum
1134 3528 1167 3593 in
1185 3547 1217 3595 64

138 3625 274 3691 deterius
292 3627 437 3712 portendi
454 3627 614 3713 cognitum
633 3637 681 3692 est
699 3627 814 3692 crebris
832 3626 999 3713 prodigiis:
1021 3624 1114 3710 signa
1129 3645 1167 3688 ac

137 3721 271 3784 tentoria
283 3720 417 3784 militum
430 3722 504 3806 igne
519 3721 647 3786 caelesti
659 3744 777 3798 arsere3
790 3721 918 3806 fastigio
933 3718 1080 3804 Capitolii
1093 3739 1167 3783 exa·

137 3836 212 3877 men
229 3814 335 3899 apium
352 3816 481 3894 lnsedit3
499 3814 650 3881 biformes
668 3816 830 3880 hominum
846 3824 969 3900 partus,
988 3823 1019 3877 et
1037 3812 1101 3879 suis
1119 3812 1166 3877 fc-

137 3917 205 3971 tum
228 3909 361 3987 editum,
384 3910 436 3973 cui
457 3911 640 3995 accipitrum
661 3932 784 3995 ungues
807 3908 958 3986 inessent3
981 3904 1166 3971 numeraba-

137 4001 277 4066 turinter
285 4013 408 4068 ostenta
417 4004 596 4069 deminutus
606 4004 745 4069 omnium
758 4003 997 4090 magistratuum
1006 4023 1164 4077 numerus

136 4107 317 4180 quaestore,
340 4099 448 4177 aedili,
475 4100 599 4165 tribuno
621 4121 659 4165 ac
680 4115 822 4185 praetore
844 4106 876 4164 et
896 4096 1025 4164 consule
1045 4116 1164 4183 paucos

1053 4384 1059 4403 ‚
1129 4298 1190 4379 Ψ
