2760 4874
164 428 226 493 198
515 437 699 493 CORNELII
711 435 841 493 ruem

1086 539 1107 568 ι.
1118 541 1140 569 u.
1150 530 1197 570 sor.

161 599 259 675 fores,
282 598 441 681 astititquc
460 595 601 660 tribunus
623 618 679 681 per
697 595 869 672 silentium,
891 604 925 660 at
941 595 1077 665 libertus
1094 599 1197 663 incre-

161 716 240 779 pans
258 691 364 757 multis
383 701 414 756 et
432 689 597 756 servilibus
615 689 747 775 probris.

111 808 142 856 ss
225 786 459 871 Tuncprimum
474 784 631 849 fortunam
641 805 731 849 suam
739 784 934 870 introspexit,
948 784 1136 870 ferrumque
1145 810 1198 852 ae-

161 881 257 968 cepit,
284 881 369 966 qnod
390 881 507 945 frustra
528 878 636 965 iugulo
657 890 712 944 aut
733 880 851 965 pectori
872 902 930 966 per
950 881 1197 966 trepidationem

161 977 331 1042 admovens
345 975 409 1039 ictu
422 973 536 1039 tribuni
552 974 741 1060 transigitur.
761 996 875 1060 corpus
887 974 981 1043 matri
988 996 1182 1041 concessum
1187 1001 1196 1054 3

162 1070 398 1152 nuntiatumque
421 1066 555 1133 Claudio
577 1067 716 1153 epulanti
736 1068 856 1153 perisse
876 1066 1105 1146 Messalinam,
1132 1092 1197 1134 non

161 1163 307 1228 distincto
326 1185 383 1227 sua
401 1185 441 1226 an
458 1161 560 1225 aliena
576 1185 686 1240 manu3
704 1184 763 1226 neo
779 1162 832 1226 illo
849 1161 1014 1245 quaesivit,
1033 1163 1198 1249 poposcit-

162 1279 223 1341 que
240 1257 387 1343 poculnm
406 1266 436 1320 et
454 1255 546 1321 solita
563 1257 707 1321 convivio
724 1255 906 1335 celebravit3
928 1278 969 1322 ne
987 1258 1108 1323 secutis
1127 1259 1198 1341 qui-

162 1352 233 1416 dem
248 1351 358 1415 diebus
376 1351 449 1428 odii,
467 1351 585 1437 gaudii,
603 1351 676 1428 irae,
695 1351 847 1429 tristitiae,
865 1350 960 1416 ulfias
978 1351 1121 1436 denique
1138 1352 1199 1417 bu-

162 1446 246 1510 mani
264 1445 395 1510 affectus
414 1445 505 1531 signa
522 1445 622 1523 dedit,
645 1468 709 1511 non
726 1467 798 1510 cum
815 1445 968 1510 lactantes
990 1456 1197 1512 accusatores

161 1538 328 1625 aspiceret,
352 1562 415 1604 non
433 1561 504 1603 cum
522 1539 602 1605 filios
624 1550 814 1618 maerentes3
835 1539 976 1623 iuvitque
999 1539 1197 1607 oblivionem

161 1634 229 1698 cius
252 1644 379 1698 senatus
402 1635 559 1699 censendo
584 1657 700 1699 nomen
721 1644 753 1699 et
774 1633 897 1721 effigies
918 1634 1052 1720 privatis
1076 1657 1116 1701 ac
1138 1659 1198 1722 pu-

161 1727 251 1793 blicis
273 1727 350 1791 locis
374 1729 599 1806 demovendas3
626 1729 751 1794 decreta
772 1727 920 1794 Narcisso
941 1730 1128 1813 quaestoria
1150 1731 1200 1819 inf

162 1821 277 1908 signia,
301 1822 494 1887 levissimum
512 1823 736 1900 fastidiiscius,
760 1846 833 1888 eum
850 1845 946 1908 supra
962 1822 1149 1889 Pallantem
1167 1835 1198 1890 et

162 1915 329 1983 Callistum
347 1927 453 2003 ageret
466 1916 483 1951 ¹*
497 1917 629 1983 honesta
646 1918 781 2007 quidem,
802 1917 858 1983 sed
875 1939 915 1982 ex
932 1916 1005 2000 quis
1023 1917 1199 1985 deterrima

162 2022 334 2088 orerentur,
355 2009 370 2044 '
389 2011 521 2076 tristitiis
540 2010 683 2076 multis*.

573 2178 733 2187 ——.-
744 2180 778 2187 ..-

487 2317 699 2374 CORNELII
717 2317 869 2372 TACITI

333 2459 1023 2568 ANNALIUM

414 2641 463 2689 AB
482 2641 652 2692 EXCESSU
669 2643 751 2693 DIVI
769 2641 936 2694 AUGUSTI

448 2797 582 2851 LIBER
599 2797 907 2855 DUODEOIMUS.

585 2955 769 2997 uasvrsumu.

216 3034 284 3105 Cap.
294 3036 317 3089 1.
327 3036 352 3089 2.
363 3033 497 3090 Claudius
508 3037 542 3090 de
552 3038 730 3092 matrimonio
742 3056 804 3093 cum
813 3039 924 3095 libertis
933 3040 1084 3096 deliberat
1109 3043 1197 3098 3-7.

163 3111 331 3184 Agrippina,
342 3111 503 3168 Germanici
512 3113 606 3168 fratris
617 3115 677 3168 eius
687 3114 756 3186 filia,
768 3117 831 3172 aliis
841 3118 971 3188 praelata
979 3117 1014 3172 L.
1025 3116 1139 3189 Silano,
1151 3121 1198 3176 cui

165 3191 308 3262 desponsa
318 3190 445 3260 Octavia,
456 3189 573 3245 insidias
584 3191 668 3246 struit
677 3193 841 3248 administro
851 3193 978 3264 Vitellio,
990 3194 1071 3249 euius
1082 3197 1197 3264 artibus

164 3268 273 3322 inducti
284 3273 397 3322 senatus
406 3269 586 3338 populusque
595 3269 716 3324 infames
726 3271 841 3341 nuptias
850 3271 982 3341 probant.
1004 3271 1031 3325 8.
1040 3272 1066 3326 9.
1077 3271 1197 3328 Silanus

164 3344 508 3400 mortemsibiconseiscit.
528 3344 1197 3420 SenecasbexilioreduxstudiisNeronisprae·

165 3427 221 3489 est,
237 3422 282 3478 eui
296 3423 488 3493 despondetur
503 3422 630 3477 Octavia.
652 3424 693 3477 10.
708 3424 750 3477 11.
764 3424 863 3479 Parthi
876 3441 973 3494 regem
984 3423 1080 3481 Roma
1091 3431 1198 3495 petunt

164 3497 371 3566 Meherdatem,
392 3516 475 3569 quem
488 3498 603 3553 missum
618 3518 635 3554 a
649 3498 768 3555 Claudio
780 3500 896 3555 Cassius
910 3500 940 3554 in
953 3517 1073 3571 regnum
1088 3503 1197 3557 ducere

166 3582 293 3629 conatur.
311 3576 398 3629 1213.
409 3575 838 3634 obstatfrausAebarietIzatis.
857 3577 898 3631 14.
908 3577 999 3632 victus
1009 3576 1197 3635 Meherdates

167 3652 280 3707 Gotarzi
293 3653 421 3706 traditur.
443 3653 499 3707 hoc
512 3659 623 3708 mortuo
638 3671 756 3724 regnum
770 3655 799 3709 in
813 3655 976 3724 Vononem,
991 3653 1058 3709 dein
1066 3655 1196 3727 Vologe-

167 3745 225 3782 sem
237 3729 415 3786 transfertur.
438 3729 480 3783 15.
490 3730 647 3785 Mithridati
660 3748 779 3801 regnum
792 3731 878 3787 Ponti
890 3730 1050 3802 reciperare
1063 3731 1129 3787 niso
1139 3733 1196 3787 Ro-

165 3807 241 3861 mani
250 3807 385 3862 resistunt
394 3814 423 3863 et
432 3807 520 3879 Cotys
531 3815 560 3863 et
568 3809 711 3864 Eunones.
730 3810 850 3866 16-21.
861 3810 940 3881 Uspe
950 3809 1020 3864 urbe
1030 3816 1118 3880 capta
1128 3812 1196 3866 Zor-

167 3883 242 3938 sines
252 3885 357 3939 deserit
365 3885 572 3957 Mithridatem,
588 3887 636 3958 qui
646 3888 764 3958 supplex
773 3886 886 3942 Eunoni
899 3905 951 3959 per
961 3905 1026 3942 eum
1035 3905 1054 3942 a
1062 3889 1196 3961 principe

165 3960 277 4014 veniam
285 3961 417 4031 impetrat
425 3963 599 4035 Romamque
608 3965 780 4034 perducitur.
898 3986 901 3991 ⁹

206 4036 258 4108 22.
268 4035 442 4108 Agrippinae
458 4040 565 4094 artibus
577 4041 673 4095 Lollia
688 4042 787 4097 cedere
797 4041 881 4096 Italia
895 4041 1022 4111 iubetur,
1037 4039 1198 4112 Calpurnia

166 4113 341 4180 pervertitur.
359 4115 400 4168 23.
411 4115 516 4170 Salutis
527 4118 683 4188 augurium.
701 4119 876 4190 pomoerium
889 4118 1134 4189 urbisprolatum.
1151 4121 1195 4176 24.

167 4195 369 4259 memorantur,
389 4191 437 4262 qui
450 4193 517 4246 olim
530 4195 715 4264 protulerint·
735 4196 777 4250 25.
790 4197 867 4253 Nero
881 4196 1024 4251 Domitius
1039 4213 1057 4252 a
1073 4196 1195 4255 ClaudIo
