2760 4874
246 374 306 440 166
585 380 769 438 CORNELII
787 378 922 435 TACITI

1162 478 1184 509 ι.
1193 480 1216 509 n
1227 471 1265 510 rsa

243 543 419 629 opinionem
442 562 504 605 non
521 539 609 604 initia
630 538 741 616 nostri,
768 559 832 602 non
849 536 958 615 finem,
980 558 1044 602 non
1060 536 1199 621 denique
1217 537 1275 602 ho-

243 639 342 702 mines
365 636 414 701 dis
435 656 543 713 curae3
569 634 641 698 ideo
663 631 848 698 creberrime
869 631 971 696 tristia
990 631 1025 696 in
1045 630 1162 709 bonos,
1191 631 1275 697 laeta

243 730 327 815 apud
345 730 512 793 deteriores
531 749 615 804 esse3
639 735 746 791 contra
763 725 816 790 alii
833 725 934 790 fatum
951 725 1079 809 quidem
1096 746 1274 811 congruere

243 824 337 889 rebus
359 830 485 908 putant,
513 821 650 886 sednon
671 842 689 885 a
711 819 801 906 vagis
820 818 1061 909 stellis,.verum
1081 819 1170 905 apud
1186 818 1275 904 prin-

244 919 325 1004 cipia
342 928 374 983 et
390 940 490 982 nexus
508 916 696 981 naturalium
713 936 894 992 cansarum3
911 936 949 979 ac
966 923 1072 980 tamen
1083 914 1274 979 electionem

244 1013 326 1076 vitae
342 1011 434 1076 nobis
456 1010 650 1094 relinquunt,
672 1030 768 1093 quam
784 1007 839 1073 ubi
856 1007 1003 1095 elegeris,
1030 1017 1150 1073 certum
1167 1006 1275 1072 immi·

243 1104 384 1170 nentium
401 1104 557 1182 ordinem;
583 1124 685 1186 neque
703 1101 786 1167 mula
802 1101 853 1167 vel
869 1099 954 1166 bona
969 1120 1052 1184 quae
1072 1100 1192 1187 vulgus
1214 1121 1274 1186 pu·

244 1209 302 1264 tet:
328 1198 442 1264 multos
464 1198 519 1282 qui
537 1195 706 1262 conflictari
727 1195 868 1261 adversis
885 1194 1060 1272 videantur,
1084 1192 1214 1272 beatos,
1240 1203 1275 1258 at

243 1292 409 1377 plerosque
426 1313 617 1375 quamquam
634 1312 766 1377 magnas
784 1311 840 1375 per
856 1310 934 1374 opes
952 1288 1158 1366 miserrimos,
1182 1288 1212 1353 si
1227 1287 1275 1352 illi

244 1407 373 1471 gravem
392 1384 550 1449 fortunam
573 1392 752 1448 constanter
773 1382 919 1460 tolerent,
946 1382 980 1446 hi
996 1404 1147 1468 prospera
1163 1381 1275 1446 incon·

245 1478 326 1543 sulte
348 1487 482 1542 utantur.
510 1487 648 1543 ceterum
670 1476 812 1562 piurimis
834 1476 1013 1541 mortalium
1029 1497 1098 1543 non
1124 1475 1275 1540 eximitur

244 1571 320 1654 quin
337 1571 437 1656 primo
451 1571 603 1654 cuiusque
624 1580 694 1636 ortu
716 1580 846 1636 ventura
866 1570 1074 1649 destinentur3
1100 1569 1159 1634 sed
1175 1591 1274 1652 quae·

245 1665 318 1728 dam
336 1686 438 1741 secus,
457 1686 552 1748 quam
565 1664 649 1729 dicta
666 1665 738 1742 sint,
757 1663 878 1741 cadere,
897 1663 1029 1729 fallaciis
1042 1663 1274 1750 ignat-adicen-

245 1758 337 1822 tium:
363 1758 407 1822 ita
427 1759 584 1843 corrumpi
601 1758 695 1823 fidem
713 1758 803 1836 artis,
826 1758 916 1824 cuius
934 1757 1017 1837 clara
1033 1757 1226 1822 documenta
1242 1765 1274 1820 et

246 1851 374 1934 antiqua
399 1861 485 1916 aetas
512 1861 544 1916 et
568 1862 675 1917 nostra
701 1852 814 1917 tulerit.
850 1852 967 1938 quippe
992 1874 1013 1916 a
1036 1850 1101 1916 filio
1127 1850 1274 1915 eiusdem

246 1943 404 2010 Thrasulli
425 1945 619 2030 praedictum
641 1945 775 2011 Neronis
796 1947 963 2031 imperium
982 1945 1018 2010 in
1042 1954 1184 2031 tempore
1206 1966 1275 2009 me-

246 2039 425 2117 morabitur,
444 2062 484 2104 ne
501 2063 585 2105 nnnc
602 2040 725 2125 incepto
743 2040 868 2126 longius
886 2039 1025 2104 abierim.

197 2131 229 2178 29
311 2131 419 2198 Isdem
446 2132 626 2198 consulibus
648 2132 754 2198 Asinll
777 2130 863 2198 Galli
882 2154 967 2198 mors
988 2130 1148 2218 vulgatur,
1176 2152 1273 2214 quem

192 2200 200 2248 t
201 2199 387 2312 28'egestate
406 2227 467 2294 cibi
484 2237 680 2313 peremptum
697 2226 782 2291 hand
799 2226 945 2304 dubium,
964 2235 1074 2311 sponte
1092 2224 1144 2290 vel
1161 2246 1274 2289 neces-

247 2320 348 2477 pinitate,
366 2320 518 2385 incertum
535 2319 724 2399 habebatur3
742 2321 866 2385 consult
853 2329 967 2403 tusque
985 2318 1106 2385 Caesar
1122 2340 1163 2383 an
1181 2340 1273 2404 sepe·

247 2413 436 2492 hnsineret,
455 2437 518 2478 non
535 2414 658 2479 erubuit
674 2414 851 2500 permittere
864 2413 1028 2496 ultroque
1018 2433 1164 2478 mcusare
1176 2433 1272 2477 casus

247 2506 302 2588 qui
326 2529 415 2571 reum
441 2507 655 2583 abstulissent,
691 2516 859 2591 antequam
888 2528 993 2571 coram
1019 2505 1271 2570 convinceretur:

236 2600 366 2664 -soilicet
382 2601 486 2665 medio
504 2601 636 2665 triennio
654 2601 796 2665 defuerat
814 2611 937 2686 tempus
952 2599 1106 2664 subeundi
1118 2598 1272 2663 iudicium

248 2693 402 2757 consulari
420 2694 497 2770 seni,
516 2704 562 2758 tot
575 2693 784 2759 consularium
795 2694 926 2778 parenti.
948 2693 1075 2757 Drusus
1089 2692 1205 2756 deinde
1219 2713 1273 2755 ex-

248 2784 429 2868 stinguitur,
448 2808 519 2849 cum
538 2808 572 2851 se
589 2787 774 2853 miserandis
793 2787 962 2864 alimentis,
985 2785 1163 2850 mandendo
1181 2807 1200 2849 e
1219 2804 1273 2850 cu-

249 2877 304 2942 bili
316 2887 463 2956 tomento,
482 2901 599 2944 nonum
613 2882 653 2944 ad
666 2883 749 2945 diem
763 2882 956 2949 detinuisset,
975 2880 1128 2944 tradidere
1142 2878 1273 2963 quidam

247 2971 473 3056 praescriptum
491 2972 589 3037 fuisse
606 2972 763 3052 Macroni,
792 2974 818 3039 si
841 2997 928 3039 arma
945 2973 985 3039 ab
1004 2972 1120 3039 Seiano
1138 2981 1274 3058 tempta·

248 3074 363 3142 rentur,
382 3074 554 3130 extractum
568 3068 727 3133 custodiae
745 3068 889 3132 iuvenem
903 3107 944 3115 -
957 3090 1031 3132 nam
1042 3067 1078 3130 in·
1090 3066 1218 3152 palatio·
1228 3076 1275 3131 at·

249 3159 404 3226 tinebatur
417 3161 579 3225 -ducem
588 3162 704 3247 populo
713 3162 881 3247 imponere.
904 3183 978 3225 mox
991 3161 1065 3244 quia
1072 3183 1182 3225 rumor
1188 3161 1275 3225 ince-

247 3253 343 3318 debat
364 3253 440 3318 fore
457 3264 492 3318 ut
513 3277 594 3319 nuru
620 3278 657 3320 ac
683 3255 790 3341 nepoti
811 3255 990 3320 conciliaret
978 3264 1028 3318 tur
1046 3253 1180 3331 Caesar,
1204 3275 1274 3318 sae-

200 3351 232 3398 30
250 3347 358 3412 vitiam
383 3370 478 3431 quam
503 3349 726 3433 paenitentiam
753 3349 872 3413 maluit
907 3349 1044 3432 quinet
1012 3348 1215 3413 etinvectus
1242 3347 1275 3411 in

195 3417 237 3468 (²⁴
250 3442 432 3507 defunctum
448 3445 563 3529 probra
581 3445 733 3529 corporis,
753 3442 968 3508 exitiabilem'
959 3466 992 3506 m
1003 3464 1094 3518 suos,
1113 3441 1275 3506 infensum

249 3536 295 3601 rei
315 3537 459 3622 publicae
485 3539 623 3603 animum
645 3538 759 3604 obiecit
784 3537 968 3621 recitarique
994 3536 1148 3600 factorum
1174 3536 1276 3608 dicto-

250 3652 381 3714 rumque
395 3632 461 3696 eius
480 3633 635 3717 descripta
652 3655 708 3718 per
725 3632 791 3696 dies
808 3631 900 3695 iussit
905 3655 914 3709 ;
933 3652 995 3714 quo
1012 3652 1076 3694 non
1093 3629 1180 3694 aliud
1193 3640 1274 3694 atro·

251 3725 317 3788 cius
335 3726 452 3790 visum:
475 3727 632 3791 adstitisse
650 3735 696 3791 tot
713 3748 770 3811 per
787 3747 885 3790 annos
904 3725 958 3808 qui
975 3724 1106 3800 vultum,
1125 3722 1275 3809 gemitus,

251 3819 406 3883 occultum
432 3820 527 3884 etiam
552 3842 692 3884 murmur
720 3820 911 3904 exciperent,
945 3827 978 3882 et
1006 3817 1148 3902 potuisse
1179 3839 1276 3880 avum

252 3912 372 3989 audire,
390 3912 508 3998 legere,
526 3913 559 3978 in
576 3913 736 3999 publicum
753 3935 908 3998 promere,
927 3912 981 3976 vix
998 3911 1091 3987 fides,
1109 3909 1172 3974 nisi
1189 3909 1277 3992 quod

250 4003 332 4068 Attii
349 4007 536 4072 centurionis
555 4018 586 4072 et
597 4008 730 4093 Didymi
747 4007 850 4073 liberti
867 4005 1019 4093 epistulae
1037 4026 1200 4069 servorum
1217 4026 1276 4068 no-

251 4098 336 4162 mina
351 4099 582 4183 praeferebant,
600 4111 635 4166 ut
652 4102 722 4185 quis
741 4101 950 4187 egredientem
968 4098 1111 4166 cubiculo
1127 4098 1275 4199 Drusum
