2760 4874
680 194 726 253 f

487 415 610 460 scatens
629 416 847 461 commemo.
1109 413 1211 460 XXIII

119 527 195 582 enim
210 525 320 580 initium
328 526 511 582 historiarum
520 528 558 583 ab
569 529 659 584 altero
678 527 842 582 servitutem
855 527 961 598 primus
971 527 1118 581 constituit
1127 545 1160 582 ac
1170 527 1214 581 fir-

118 595 299 666 potissimum
310 595 422 650 Galbae
437 596 586 651 consulatu
595 613 659 667 pro·
677 597 779 676 mavit,
803 613 973 667 quamquam
990 595 1020 648 id
1038 613 1101 650 eum
1119 597 1214 651 facere

140 670 220 718 terea
234 663 326 733 duxit,
347 664 424 733 quod
437 663 499 734 ipse
512 670 572 718 tum
588 681 661 735 puer
676 663 757 734 pacis
771 664 933 718 interfuisse
946 665 1091 733 fatetur,⁹⁹
1109 665 1156 735 qui
1177 680 1215 734 pe

118 682 256 787 decennis
269 732 331 786 fere
344 731 460 801 fuisset,
475 732 659 804 sedquodab
678 732 727 803 qui
745 741 838 786 cuncta
857 734 992 786 uecordes
1010 733 1127 786 civilibus
1158 750 1216 786 essa

118 801 169 854 illo
189 816 264 855 anno
282 816 387 854 novum
406 800 488 920 ‹luasi
505 817 600 856 rerum
617 817 659 854 or·
677 802 779 853 nomine
791 802 919 870 principis
936 801 983 853 rub
995 802 1130 869 imperium
1144 818 1216 922 soff

119 869 214 922 dinem
240 868 322 922 nasci
343 869 413 922 intel
426 874 536 936 exerat,
562 868 660 939 itaque
675 870 800 938 pertulit>
817 869 867 922 sed
882 874 911 921 et
919 870 1117 922 damnationem
1125 868 1174 923 idi

117 953 223 990 nomen
238 941 348 990 tantum
362 936 542 991 historiarum
556 937 593 992 ab
608 953 660 990 sua
677 937 786 1006 perium
804 936 974 1006 appellat1⁰1
993 941 1022 990 et
1039 936 1091 991 ait:
1117 945 1215 1007 quanto

117 1011 214 1059 aetate
224 1004 339 1074 petivit,
353 1021 411 1060 non
421 1004 543 1060 ambitus
554 1004 658 1059 eonsti-
677 1007 734 1075 quis
747 1007 850 1058 seruitio
859 1006 1016 1074 promptior,
1035 1005 1124 1074 opibus
1136 1015 1160 1058 et
1173 1007 1215 1058 bo-

118 1073 220 1126 tuendi
237 1089 365 1126 normam
382 1089 417 1126 ae
434 1088 465 1127 re
506 1073 570 1127 lam.
603 1072 659 1127 Sed
676 1075 783 1126 moribus
791 1073 1215 1142 extollebantur;1⁰²eodemspe·

119 1141 206 1210 quale
225 1141 287 1195 eius
300 1140 331 1193 in
345 1140 465 1195 ordinan
486 1158 504 1195 a
518 1156 553 1197 ac
567 1140 658 1194 distri·
679 1146 758 1195 etant
771 1143 877 1194 acm'ora
889 1143 1019 1194 vincla10³
1033 1145 1062 1194 et
1076 1142 1129 1194 dies
1142 1143 1217 1193 crudi

118 1209 236 1263 buenda
258 1208 379 1262 matoria
397 1209 546 1263 consilium
562 1208 658 1277 fuerit,
677 1211 760 1263 adbuc
777 1211 925 1263 servatius
953 1208 1078 1262 Proinde
1100 1208 1215 1262 dubium

120 1277 282 1331 accuratius
293 1276 490 1347 explicandum
499 1282 550 1331 est.
564 1275 659 1347 Atque
677 1294 736 1331 non
766 1283 811 1332 est
838 1276 906 1347 quin
934 1276 1075 1330 servitutis
1102 1276 1216 1330 nomino

118 1345 170 1399 illo
186 1344 300 1415 quidem
313 1351 451 1414 tempore,
470 1361 527 1416 quo
540 1345 659 1415 primum
679 1345 935 1416 comprehendatur
953 1351 1044 1398 totum
1060 1344 1131 1399 illud
1148 1350 1215 1398 tem-

118 1413 254 1467 historias
282 1430 313 1468 se
345 1412 515 1483 scripturum
544 1412 660 1482 publice
677 1410 731 1483 piis
745 1420 812 1483 post
825 1430 951 1493 pugnam
964 1412 1112 1468 Actiacam
1125 1430 1216 1482 usque

118 1481 268 1550 professus
277 1486 330 1549 est,
340 1481 505 1551 bipartitum
515 1497 586 1550 opus
596 1497 660 1562 pro·
679 1482 715 1537 ad
728 1481 885 1535 Domitiam
902 1487 1034 1550 mortem,
1053 1481 1147 1603 mine
1159 1497 1216 1535 me·

118 1549 208 1618 misit,
222 1551 372 1603 memorium
384 1551 617 1619 priorisrervitutcr
627 1565 661 1602 ac
678 1549 768 1604 moria
785 1549 928 1604 servitutis
945 1549 1016 1602 nihil
1034 1550 1093 1604 aliu
1132 1566 1217 1620 quam

119 1619 291 1671 testimouium
299 1620 477 1687 praesentium
490 1619 660 1681 bonosum-⁹⁶
679 1618 798 1672 historia
811 1618 988 1687 principatus
1002 1617 1072 1685 eius,
1088 1618 1136 1697 qui
1149 1623 1216 1671 ante

118 1687 240 1740 alteram
253 1684 327 1740 hanc
339 1690 451 1755 partem
468 1685 586 1739 dubium
602 1701 661 1739 non
679 1688 801 1741 Nervam
823 1685 1034 1757 'l'raianumque
1060 1687 1123 1740 furt.
1159 1684 1217 1740 Sed

119 1759 165 1809 est
175 1753 244 1823 quin
253 1755 372 1808 eandem
381 1753 561 1823 intellexerit,
576 1770 660 1824 quam
678 1771 811 1824 magnum
846 1755 923 1807 hunc
957 1770 1050 1807 rerum
1081 1753 1216 1807 ambitum

120 1821 233 1892 aliquot
254 1821 335 1875 annis
356 1827 424 1891 post
444 1838 508 1875 cum
527 1821 660 1876 historias
698 1839 849 1892 namquam
887 1821 1000 1876 nomine
1035 1822 1058 1875 si
1101 1821 1216 1889 ificavit,

119 1891 228 1959 ederet,
236 1888 472 1959 iterumpromisit
481 1890 532 1944 sed
542 1889 660 1958 distulit,
679 1840 792 1945 dubites
801 1896 910 1959 tamen,
925 1896 1018 1943 utrum
1027 1907 1063 1944 vo
1077 1890 1151 1944 uerit
1161 1890 1216 1944 'Pa-

119 1958 165 2011 his
184 1957 280 2012 verbis
297 1975 379 2012 usus:
405 1960 430 2012 si
445 1959 499 2011 cito
511 1960 660 2028 suppeditet,
680 1958 752 2012 citus
768 1958 824 2012 iam
841 1964 900 2012 tum
919 1958 1069 2012 scribendo
1084 1958 1217 2028 amplecti

116 2027 294 2096 principatum
308 2027 362 2079 divi
369 2027 477 2080 Nervae
490 2035 514 2079 et
526 2028 660 2096 imperium
679 2032 768 2080 totum
783 2043 819 2080 an
834 2044 896 2081 eam
909 2032 1019 2081 tantum
1028 2027 1088 2080 eius
1118 2033 1216 2091 artem,

122 2095 245 2162 Troiani,
280 2095 425 2148 uberiorem
455 2095 661 2163 securioremque
679 2095 1083 2164 quamHistoriiscomprehen
1105 2095 1217 2162 it3mihi

119 2164 268 2228 snatcmcm,
286 2164 410 2216 senectuti
425 2164 568 2232 seposui⁹⁷
604 2163 660 2218 Sed
679 2165 714 2218 de
729 2168 789 2217 toto
809 2179 872 2217 eum
891 2163 1031 2242 cogitasse
1050 2180 1107 2216 non
1126 2164 1216 2216 solum

119 2230 283 2284 memoriam
300 2229 403 2300 prioris
418 2229 561 2284 servitutis
576 2246 660 2300 quae·
680 2230 716 2284 ob
731 2231 852 2285 nominis
867 2230 1103 2299 significationem
1113 2231 1215 2299 proba-

119 2299 191 2352 ritur
205 2299 311 2352 solisne
325 2297 451 2352 historiis
466 2298 604 2353 contineri
612 2315 660 2352 vo·
678 2298 736 2371 bile
754 2299 866 2352 videtur
880 2300 931 2352 sed
946 2298 1032 2351 etiam
1044 2299 1119 2366 ideo,
1140 2298 1216 2378 quod

120 2366 205 2421 luerit
214 2383 251 2420 an
260 2367 316 2420 iam
325 2372 385 2420 tum
395 2367 430 2421 de
439 2366 582 2435 prioribus
592 2383 660 2437 quo·
678 2367 707 2420 in
716 2367 905 2420 Historiarum
919 2365 1034 2420 exordio
1051 2382 1132 2419 omne
1145 2366 1217 2419 illud

122 2451 176 2506 que
194 2434 370 2514 temporibus
389 2435 570 2504 cogitaverit3
592 2433 660 2487 mihi
678 2439 803 2504 tempus,
831 2435 908 2505 quod
930 2433 985 2487 fuit
1004 2439 1071 2502 post
1091 2450 1217 2503 pugnam

120 2505 242 2557 alterum
255 2503 327 2557 illud
342 2500 403 2556 fieri
416 2519 475 2556 non
487 2519 574 2572 posse
584 2502 659 2557 vide·
678 2501 838 2570 Actiacam,
853 2507 941 2570 negat
953 2517 1071 2570 magnos
1085 2509 1216 2555 auctores

120 2578 182 2639 tur,
216 2570 373 2625 Domitiani
400 2570 473 2624 enim
500 2570 660 2642 quindecim
678 2568 915 2650 habere,quipari
924 2569 1087 2639 eloquentia
1097 2575 1126 2624 et
1135 2569 1217 2623 liber-

121 2655 261 2694 annorum
285 2638 463 2709 principatus
490 2655 660 2710 quamquam
678 2645 737 2693 tate
751 2656 795 2692 usi
809 2639 879 2706 sint,
898 2638 982 2691 simul
991 2639 1137 2693 veritatem
1148 2637 1218 2692 dicit

121 2709 219 2761 attulit
226 2706 363 2762 Romanis
373 2707 535 2762 servitutem
546 2707 659 2760 durissi-
679 2706 810 2787 pluribus
819 2706 910 2760 modis
920 2705 1083 2776 infractam,
1097 2707 1216 2776 primum

121 2793 203 2846 mam,
219 2776 291 2830 adeo
307 2775 421 2845 quidem
433 2780 466 2829 ut
473 2775 535 2845 ipse
544 2775 660 2830 Tacitus
678 2777 790 2830 inscitie
816 2774 857 2829 rei
883 2775 1016 2844 publicae
1042 2782 1075 2830 ut
1096 2775 1215 2843 alienae,

122 2844 210 2898 dicat:
227 2845 536 2909 sicutcetusaetaseidit,
551 2846 660 2914 quidul·
679 2862 743 2898 mox
752 2843 868 2898 libidine
879 2845 1048 2898 adsentandi
1058 2849 1107 2898 aut
1119 2861 1216 2897 rursus

122 2914 247 2965 timumim
261 2913 376 2965 libertate
389 2914 587 2976 aeneadarum,
600 2914 662 2982 quid
680 2913 745 2966 odio
777 2912 913 2967 adversus
944 2912 1141 2979 dominantes,
1175 2912 1217 2965 ita

120 2982 148 3034 in
173 2982 339 3034 servitutertss
366 2996 424 3034 non
445 2986 540 3034 tamen
565 2986 662 3050 potest
679 2980 785 3035 neutris
814 2997 907 3034 curam
930 2981 1105 3048 posteritatis
1128 2980 1216 3034 fuisse

120 3047 293 3118 Vespasiani
311 3065 424 3120 quoque
443 3054 473 3102 et
487 3048 546 3103 Titi
558 3047 660 3117 princi·
679 3049 752 3103 inter
760 3048 888 3102 infensos
898 3050 944 3102 vel
954 3048 1102 3102 obnoxios.
1121 3049 1216 3113 Quare

121 3122 208 3185 patus
226 3115 289 3186 pari
305 3117 366 3170 iure
385 3116 529 3171 servitutis
547 3117 661 3171 nomine
679 3123 811 3187 apparet,
827 3116 971 3184 Tacitum,
988 3117 1215 3185 quiiamrarasc

123 3185 440 3255 comprehendi;nequo
450 3185 534 3240 etiam
541 3179 660 3254 Galbae,
679 3191 835 3255 temporum
849 3184 986 3239 felicitate
995 3186 1051 3240 frui
1060 3185 1215 3255 praedicat,

123 3252 254 3321 Othonis,
268 3252 378 3307 Vitellii
390 3261 519 3322 tempora
533 3253 661 3323 quamvis
679 3253 841 3308 ubisentire
852 3254 1019 3324 quaerelis,
1034 3260 1063 3308 ct
1072 3270 1144 3324 quae
1155 3270 1216 3306 sen-

123 3321 207 3376 bellis
217 3320 347 3375 civilibus
356 3321 469 3390 afflicta,
484 3321 613 3376 servituti
621 3321 660 3375 ita
679 3322 733 3376 tias
739 3322 832 3376 dicore
838 3322 932 3389 liceat,
943 3322 1109 3392 intellegere
1119 3321 1215 3389 ipsum,

122 3389 320 3443 utDomitiani
329 3391 473 3444 accenseri
482 3396 616 3459 possunt,
631 3396 661 3444 at
680 3391 703 3444 si
713 3389 914 3444 hacfelicitate
924 3387 1215 3443 utendumhistoriae-

123 3463 287 3526 possuntne
296 3458 403 3512 debent
412 3457 533 3527 Tiberii,
549 3456 660 3528 Caligu-
679 3457 851 3579 querentati
861 3457 1064 3511 consulendum
1074 3457 1216 3523 sit,totum

124 3527 183 3595 iae,
198 3525 322 3595 Claudii,
337 3525 459 3581 Neronis
469 3532 661 3596 temporanee
678 3527 686 3579 i
701 3527 750 3579 lud
760 3532 871 3595 tempus
882 3525 1062 3578 scribendum
1072 3540 1144 3578 esse.
1159 3521 1216 3577 Sed

124 3594 202 3648 credi
222 3599 321 3663 potest
341 3594 413 3648 haec
433 3611 493 3648 non
515 3595 544 3648 in
567 3600 660 3649 mente
679 3590 1217 3712 eiusrursuspartcmtantumtractauit

123 3662 230 3716 habere
247 3679 311 3715 eum
325 3662 373 3731 qui
388 3664 423 3716 de
439 3663 572 3717 servitute
586 3663 659 3716 dice·
679 3679 742 3716 cum
761 3661 845 3714 Anna
858 3678 888 3715 es
906 3660 1010 3727 edida,
1033 3664 1126 3712 omisit
1144 3676 1216 3713 emm

123 3736 175 3783 ret
212 3730 286 3794 Quid
309 3730 385 3800 quod
402 3730 524 3800 Augusti
548 3747 660 3802 quoque
678 3728 802 3800 Augusti
816 3735 957 3796 tempora,
973 3727 1075 3797 quibus
1089 3726 1216 3782 dicendis

123 3797 300 3867 principatus
311 3798 454 3852 servitutis
463 3799 576 3853 nomine
587 3815 660 3852 eom·
681 3842 849 3856 -.-

123 3866 327 3935 prehenditur?
344 3865 660 3938 Augustusenimhaud
717 3903 742 3940 ,9
759 3901 817 3940 His„
828 3901 845 3947 1,
856 3902 875 3940 1.

124 3934 264 3988 dubiccx
277 3934 372 3988 Taciti
390 3935 502 4006 quidem
520 3935 661 3990 sententia
705 3954 743 3991 roo
760 3951 845 3998 Anna,
856 3953 875 3990 1.

125 4024 383 4104 ‘saffira
569 4082 577 4093 e
705 4006 743 4094 a
759 4002 875 4100 tuiti

150 4109 175 4145 97
193 4107 251 4146 fltst.
261 4107 279 4152 1,
290 4109 300 4146 l
311 4113 366 4148 extr.
706 4107 743 4144 103
761 4105 818 4144 Anu.
829 4106 866 4152 Ill,
877 4107 908 4145 28.

150 4160 176 4197 98
192 4158 266 4206 agite.
276 4168 295 4196 o.
305 4161 325 4198 3.
707 4159 744 4195 lot
762 4157 819 4196 Ann.
830 4158 846 4202 1,
857 4159 869 4195 8
879 4162 933 4196 extr.
945 4159 971 4195 es.
984 4169 1002 4195 c.
1013 4160 1045 4196 ta.
