2760 4874
219 1490 250 1535 57

213 1557 256 1602 (ol)

273 379 334 444 180
530 395 533 401 '
620 388 803 483 CORNELII
816 385 947 444 Taum

269 549 374 614 anima
391 514 527 613 creditus
546 555 595 612 cst
611 545 831 611 mortalitatem
841 545 1040 632 -explerissm
1062 555 1096 611 et
1112 482 1301 634 multqugqo·

269 655 389 708 tantum
408 663 562 707 concursu
580 641 620 706 ad
638 641 791 726 capienda
807 641 929 725 imperii
942 641 1113 726 primordia
1127 641 1168 708 O.
1183 642 1302 708 Caesar

267 735 501 824 egrediebatur,
525 757 597 799 cum
614 744 742 820 repente
759 734 901 799 adfertur
921 736 1023 800 redire
1040 735 1173 801 Tiberio
1190 759 1300 802 vocem

269 853 308 896 ac
329 831 417 896 visus
443 829 611 912 vocarique
632 829 687 912 qui
712 829 899 894 recreandae
925 829 1095 895 defectioni
1117 830 1226 896 cibum
1249 831 1303 895 ad·

269 925 395 989 ferrent.
425 944 525 1009 paror
545 921 618 987 binc
639 923 672 986 in
693 944 817 987 omnes:
840 931 872 987 et
889 922 985 988 ceteri
1006 923 1127 1009 passim
1150 924 1302 1010 dispergi,

270 1041 304 1083 se
322 1018 455 1102 quisque
472 1026 628 1081 maestum
641 1025 695 1080 aut
708 1016 849 1081 nescium
866 1015 1000 1103 tingere3
1019 1016 1140 1082 Caesar
1157 1017 1192 1082 in
1210 1018 1303 1082 silen-

269 1112 347 1176 tium
369 1111 451 1176 fixus
474 1132 639 1175 asumma
665 1131 722 1196 spe
746 1110 919 1176 novissima
936 1110 1163 1197 ,cnspectabatt
1191 1111 1303 1177 Macro

269 1205 441 1291 intrepidus
456 1204 589 1290 opprimi
603 1225 709 1268 senem
723 1203 839 1268 iniectu
852 1204 969 1270 multae
982 1205 1080 1270 v'estis
1094 1204 1185 1270 iubet
1201 1206 1304 1270 disce-

269 1301 365 1383 dique
382 1297 423 1363 ab
440 1298 556 1362 limine.
583 1298 629 1363 sic
647 1296 793 1363 Tiberius
815 1297 930 1376 finivit,
953 1309 1065 1365 octavo
1082 1309 1116 1363 et
1133 1309 1304 1386 septuage-

270 1393 350 1458 simo
369 1392 479 1456 aetatis
490 1413 589 1482 wanno.

333 1486 430 1561 Pater
442 1485 471 1550 ei
480 1485 564 1550 Nero
577 1495 608 1550 et
622 1485 777 1569 utrimque
790 1485 879 1572 origo
892 1486 995 1572 gentis
1010 1486 1176 1564 Claudiae,
1192 1508 1304 1571 quam-

269 1603 365 1666 quam
383 1590 482 1645 mater
503 1580 536 1644 in
553 1579 680 1644 Liviam
702 1589 733 1644 et
756 1602 830 1645 mox
847 1579 961 1645 Iuliam
983 1579 1135 1647 familiam
1153 1582 1304 1667 adoptio-

268 1674 362 1738 nibus
385 1673 550 1738 transicrit.
577 1695 670 1738 casus
692 1673 794 1758 prima
816 1672 856 1739 ab
878 1673 1010 1738 infantia
1031 1674 1206 1760 ancipitesr
1229 1698 1302 1740 nam

268 1767 476 1852 proscriptum
503 1776 623 1851 patrem
649 1766 723 1831 exul
749 1778 891 1845 secutus,
921 1766 976 1832 ubi
1002 1768 1133 1835 domum
1158 1767 1304 1856 Augusti

268 1861 432 1946 privignus
457 1860 588 1937 introiit,
616 1861 726 1925 multis
753 1861 1106 1927 acutulis'conflictatus
1133 1871 1198 1940 eet,
1226 1863 1303 1928 dum

268 1953 439 2029 Marcellus
466 1963 498 2018 ct
518 1953 677 2040 Agrippa,
705 1977 779 2019 mox
806 1953 907 2020 Gaius
934 1947 1118 2039 Luciusque
1142 1955 1303 2023 Caesares

268 2049 410 2134 riguerm
425 2048 518 2112 etiam
531 2047 628 2113 frater
640 2048 706 2113 eius
716 2047 843 2113 Drusus
852 2050 1049 2136 prosperiore
1061 2049 1180 2115 civium
1194 2072 1303 2116 amore

268 2152 344 2207 erat.
367 2141 424 2207 sed
442 2142 577 2209 maxime
595 2140 765 2206 inlubrico
783 2143 848 2227 egit
865 2153 995 2229 accepta
1010 2143 1045 2208 in
1065 2143 1302 2226 matrimonium

268 2236 363 2312 Iulia,
393 2235 608 2322 inpudicitiam
638 2236 744 2301 uxoris
776 2236 911 2301 tolerans
938 2246 992 2301 aut
1018 2236 1192 2302 declinans.
1228 2238 1302 2302 dein

269 2330 382 2395 Rhodo
395 2352 557 2416 regressus
569 2351 688 2394 vacuos
701 2329 850 2416 principis
864 2329 993 2416 penates
1011 2330 1179 2395 duodecim
1198 2333 1300 2409 annis,

268 2445 343 2488 mox
364 2422 410 2488 rei
427 2423 587 2488 Romanae
613 2422 775 2488 arbitrium
796 2423 896 2489 tribus
919 2423 1017 2489 serme
1035 2433 1067 2489 ct
1088 2425 1203 2511 viginti
1222 2425 1302 2491 obti-

269 2517 345 2583 nuit.
368 2538 490 2582 morum
513 2535 636 2600 quoque
659 2527 798 2602 tempora
819 2518 865 2581 illi
888 2519 1025 2584 diversa:
1048 2519 1215 2605 egregium
1237 2521 1303 2585 rita

269 2610 425 2693 famaque,
444 2611 547 2693 quaad
559 2610 702 2695 privatus
715 2611 765 2676 vel
782 2611 815 2674 in
832 2611 971 2698 imperiis
986 2611 1207 2697 subAugusto
1225 2611 1300 2691 suit3

269 2704 425 2767 occultum
448 2726 485 2767 ac
508 2703 674 2768 subdolum
700 2704 856 2790 fingendis
884 2704 1065 2782 virtutibus,
1093 2707 1197 2771 donee
1220 2705 1302 2789 Ger-

270 2797 410 2859 manicus
429 2818 465 2859 ac
483 2796 610 2861 Drusus
629 2799 810 2882 superfuere
816 2824 825 2877 ;
848 2794 931 2863 idem
954 2800 1035 2863 inter
1051 2798 1135 2864 bona
1153 2800 1301 2885 malaque

269 2889 385 2952 mixtus
408 2889 555 2952 incolumi
577 2901 689 2968 matre3
712 2892 896 2957 intestabilis
923 2893 1065 2970 saevitia,
1089 2894 1148 2957 sed
1167 2893 1301 2959 obtectis

269 2980 464 3058 libidinibus,
492 2983 567 3046 dum
591 2981 742 3049 Seianum
767 2986 876 3050 dilexit
901 2986 1057 3050 timuitve:
1083 2998 1248 3072 postremo
1269 2989 1302 3053 in

270 3074 388 3140 scelera
406 3075 498 3140 simul
516 3099 553 3141 ac
571 3078 724 3142 dedecora
740 3080 894 3165 prorupit,
917 3091 1083 3165 postquam
1102 3092 1226 3147 remoto
1244 3105 1302 3168 pu·

270 3170 344 3235 dore
363 3170 394 3236 et
411 3181 510 3249 metu,
530 3193 587 3236 suo
606 3181 726 3237 tautum
743 3173 869 3259 ingenio
887 3173 1041 3239 utebatur.
1150 3210 1159 3221 ·-
1279 3201 1282 3205 ’
