2760 4874
387 369 887 428 Auumruunrss.1v.1a-sa
1086 360 1148 425 125

126 474 150 515 p.
161 461 201 516 Ch.
211 462 243 510 24,-
926 516 928 520 Ι
1025 519 1027 521 g

126 531 188 596 dus
200 537 343 612 quartam
356 527 588 592 accusatoribus
604 528 775 592 seeundum
783 529 1045 594 necessitudinem
1057 530 1146 616 legis,

127 634 235 690 cetera¹
254 622 359 687 liberis
387 622 563 686 concessit.⁴
581 621 664 685 hunc
690 644 750 707 ego
771 623 934 707 Lepidum*
956 624 1147 708 temporibus

126 719 188 783 illis
214 733 343 802 gravem
365 724 396 778 et
419 715 589 800 sapientem
615 716 716 778 virum
738 715 836 780 fuisse
863 718 1048 801 comperior:
1074 740 1148 782 nam

126 812 273 896 pleraque
291 807 331 872 ab
342 808 451 872 saevis
474 807 702 872 adulationibus
726 809 856 874 aliorum
873 810 906 873 in
922 810 1034 875 mehus
1052 811 1154 887 flexit·

126 925 229 988 neque
246 911 351 966 tamen
363 902 596 986 temperamenti
615 900 736 1010 egebat,
755 925 826 966 cum
844 903 1003 986 aequabili
1016 904 1149 968 auctori-

127 1005 236 1065 arctaret
247 1019 304 1082 gra
305 996 348 1059 tia
361 996 445 1079 apud
454 995 659 1060 'liberium'
629 997 776 1081 vrguen't:
751 997 873 1061 tunde
887 997 1029 1062 dubitare
1043 1020 1147 1083 cogor,

126 1091 192 1155 fato
160 1099 241 1154 tet
259 1097 341 1154 sorte
359 1089 580 1165 nascendi,ut
545 1098 646 1153 utcet
647 1111 712 1165 era,
735 1090 779 1152 ita
795 1091 971 1199 principum
992 1090 1148 1154 inclinatio

126 1185 160 1247 in
176 1184 252 1260 hos,
268 1182 426 1248 offensio
417 1205 450 1245 m
468 1182 549 1259 illos,
569 1203 610 1245 an
628 1182 668 1245 sit
686 1182 828 1288 aliquid
819 1206 852 1246 m
869 1183 982 1248 nostris
1000 1183 1146 1259 consiliis,

126 1276 308 1359 liceatque'
300 1299 333 1360 m
333 1284 380 1339 ter
402 1274 566 1359 abruptam
592 1283 664 1339 cont
664 1297 819 1338 umac1am
841 1285 872 1340 e
859 1275 1035 1340 tdeformc
1057 1264 1148 1340 obse·

127 1370 236 1453 quium
248 1385 380 1454 pergere
392 1369 450 1432 iter
463 1366 630 1431 ambitione
644 1389 681 1431 ac
693 1368 839 1452 periculis
854 1391 997 1433 vacuum.
1020 1377 1053 1433 at
1060 1367 1148 1432 Mes-

130 1463 246 1538 salinus
274 1461 369 1527 Cotta
393 1461 479 1525 haud
504 1462 607 1525 minus
634 1460 725 1525 claris
751 1461 934 1539 maioribus,
962 1463 1018 1527 sed
1034 1463 1147 1527 'animo

128 1557 283 1633 diversus,
311 1555 432 1623 censuit
450 1554 631 1624 cavendum
657 1563 784 1619 senatus
810 1556 953 1623 consulto
979 1564 1015 1619 ut
1039 1578 1148 1640 quam-

127 1671 223 1733 quam
241 1649 380 1714 insontes
407 1642 657 1732 magistratus'et
681 1647 791 1732 culpae
815 1649 933 1713 alienae
954 1649 1052 1714 nescii
1065 1672 1147 1735 ,pro-

126 1741 309 1806 vincialibus
327 1763 460 1806 uxorum
477 1739 658 1805 criminibus
680 1741 810 1825 proinde
833 1763 928 1826 quam
950 1742 1015 1808 suis
1032 1742 1148 1828 plecte-

126 1846 240 1900 rentur.
398 1840 401 1846 ’

189 1928 307 2018 Actum
329 1930 442 1994 dehinc
463 1930 503 1995 de
526 1929 697 2015 Calpurnio
718 1929 849 2008 Pisone,
873 1931 970 1996 nobili
991 1952 1029 1995 ac
1050 1930 1147 1995 feroci
1165 1952 1196 1999 21

126 2023 207 2100 viro;
224 2023 251 2087 is
265 2046 413 2106 namque,
431 2033 467 2087 ut
483 2024 596 2101 rettuli,
616 2045 830 2088 cessurum-se
847 2024 925 2089 urbe
942 2023 983 2089 ob
995 2023 1146 2089 factiones

127 2125 341 2182 accusatorum
358 2117 391 2180 in
409 2127 520 2181 senatu
533 2117 745 2182 clamitaverat
763 2123 794 2182 'et
812 2128 916 2202 spreta
928 2119 1066 2203 potentia
1078 2117 1147 2182 Au·
1186 2160 1189 2165 -

125 2219 237 2294 gustae
259 2210 380 2274 trahere
397 2210 430 2274 in
451 2211 500 2275 ius
518 2209 727 2296 Urgulaniam
749 2212 905 2294 domoque
925 2212 1074 2296 principis
1093 2233 1147 2275 ex-

126 2304 187 2367 cire
206 2326 301 2368 ausus
315 2311 389 2380 erat,
408 2326 488 2388 quae
505 2305 538 2368 in
551 2327 698 2389 praesens
713 2304 858 2369 Tiberius
876 2304 1007 2369 civiliter
1023 2304 1145 2369 habuit:

127 2397 232 2461 sedin
249 2398 352 2463 animo
369 2397 548 2462 revolvente
569 2398 646 2475 iras,
670 2398 792 2463 etiamsi
812 2399 947 2482 impetus
966 2397 1146 2463 offensionis

125 2489 302 2575 languerat,
324 2491 475 2557 memoria
491 2491 629 2568 valebat3
651 2490 863 2574 Pisonemque
882 2489 1018 2556 Grauius
1037 2490 1147 2554 secreti

126 2584 276 2648 sermonis
302 2584 456 2648 incusavit
478 2586 644 2650 adversum
666 2586 862 2650 maiestatem
882 2584 993 2661 habiti3
1021 2584 1148 2649 adiecit

120 2697 187 2758 ¹que
203 2676 237 2740 in
254 2678 347 2742 domo
361 2679 427 2741 eius
440 2699 596 2742 venenum
609 2700 688 2756 esse,
708 2700 840 2762 eumque
854 2678 959 2764 gladio
973 2677 1147 2742 accinctum
1176 2705 1182 2715 ·

125 2769 249 2833 introire
267 2771 398 2846 curiam,
417 2771 501 2853 quod
518 2770 558 2834 ut
570 2772 705 2837 atrocius
723 2794 797 2837 vero
815 2772 1008 2836 tramissum:
1031 2779 1148 2834 cetero-

125 2886 207 2941 rum,
226 2885 306 2947 quae
324 2865 422 2929 multa
440 2865 692 2944 cumulabantur,
713 2876 857 2952 receptus
876 2875 1027 2941 estreus,
1045 2885 1147 2947 neque

124 2966 268 3040 peractus
287 2958 327 3022 oh
345 2968 477 3023 mortem
495 2968 689 3042 oportunam,

187 3050 335 3115 Relatum
352 3061 383 3115 et
400 3053 442 3116 de
459 3051 574 3116 Cassio
591 3050 708 3116 Severo
727 3052 831 3128 exule,
854 3053 909 3136 qui
927 3052 1069 3117 sordidae
1088 3051 1147 3114 ori-

125 3143 225 3228 ginis,
240 3144 399 3221 maleficae
417 3146 521 3221 vitae,
536 3146 592 3209 sed
610 3146 718 3210 orandi
735 3145 870 3221 validus,
889 3167 946 3229 per
962 3143 1145 3208 immodicas

125 3236 300 3302 inimicitias
326 3248 362 3301 ut
386 3239 502 3305 iudicio
526 3239 618 3305 iurati
644 3247 770 3303 senatus
798 3237 925 3303 Cretam
951 3244 1147 3302 amoveretur

126 3317 284 3408 effecerat3
258 3341 404 3414 tatque
426 3331 488 3396 illic
510 3333 620 3396 eadem
642 3330 797 3395 actitando
823 3330 958 3394 recentia
979 3339 1146 3410 veteraque

125 3423 197 3495 odia
214 3423 355 3501 advertit,
374 3424 526 3507 bonisque
540 3423 926 3562 exutus,'mt1nterdicto1gni
943 3431 1036 3505 atque
1054 3442 1145 3504 aqua,

125 3539 203 3582 saxo
223 3515 356 3603 Seripho
374 3519 546 3583 consenuit.

187 3609 251 3675 Per
276 3611 398 3676 idemt
385 3622 526 3697 tempus
523 3612 673 3677 Plautius
697 3610 845 3678 Silvanus
871 3584 995 3696 praetor
1019 3609 1145 3674 incertis
1163 3629 1196 3677 22

125 3704 227 3769 causis
250 3704 425 3790 Aproniam
444 3707 611 3792 coniugem
633 3707 666 3770 in
683 3728 832 3791 praeceps
855 3705 940 3782 iecit,
914 3712 1046 3768 ttract
1046 3724 1146 3787 usque

124 3797 166 3861 ad
180 3797 350 3864 Caesarem
363 3801 402 3866 ab
415 3801 457 3865 L.
471 3799 613 3886 Apronio
632 3823 739 3889 socero
758 3799 881 3864 turbata
898 3806 1001 3862 mente
1017 3819 1146 3881 respon-

123 3892 178 3969 dit,
198 3902 358 3978 tamquam
370 3895 561 3981 ipsesomno
579 3896 683 3982 gravis
698 3904 790 3977 atque
808 3916 846 3958 eo
863 3895 1000 3980 ignarus,
1019 3901 1050 3956 et
1066 3914 1146 3956 uxor
1245 3978 1246 3981 Ἴ

124 3997 236 4070 sponte
253 3999 384 4054 mortem
399 3991 593 4074 sumpsisset.
615 4012 679 4055 non
693 3997 873 4053 cunctanter
885 3985 1030 4052 Tiberius
1043 3987 1145 4072 pergit

123 4078 157 4143 in
174 4081 312 4160 domum,
331 4084 405 4148 visit
421 4084 608 4162 cubiculum,
626 4078 734 4167 inquo
747 4083 926 4148 reluctantis
945 4090 975 4148 et
991 4080 1144 4166 impulsae
