2760 4874
372 398 576 454 ANNALIUM
594 397 668 452 LIB.
682 398 732 454 Ν
750 399 824 453 57-
829 401 871 455 60.
1075 390 1136 456 143

111 487 184 539 pmcn
195 489 227 528 re

110 566 290 643 negaretur,
314 555 396 621 undo
419 555 505 619 exitii
528 577 623 619 causa
644 517 732 619 mult⁹
710 565 762 625 trs
773 555 833 640 fuit
854 576 1020 643 properum
1042 559 1137 625 finem

110 652 194 716 vitae
211 650 385 715 coniectant
373 648 456 714 tibus
479 649 609 735 vulgant
609 649 757 733 ibusque3
779 672 880 734 neque
902 653 986 718 enim
1009 656 1099 719 tam⁹
1090 679 1138 720 rn-

111 746 291 813 credibilem
304 767 412 810 casum
420 744 634 829 providebant,
650 753 684 808 ut
672 745 843 810 tundecim
855 768 912 831 per
924 769 1023 814 annos
1036 748 1136 814 libens

109 841 210 928 patria
227 847 355 906 careret.
386 861 461 904 mox
477 838 578 924 patuit
593 837 690 903 breve
713 839 880 904 confinium
903 842 978 906 artis
1000 850 1032 906 et
1053 842 1136 920 falsi,

110 957 247 1020 veraque
257 956 359 1019 quam
369 932 519 1000 obscuris
534 941 726 1019 tegerentur3
743 956 818 998 narn
834 934 868 998 in
881 933 993 1002 urbem
1008 955 1071 1001 non
1088 959 1137 1001 re-

110 1052 292 1117 gressurum
305 1027 390 1092 haud
403 1027 484 1093 forte
497 1027 628 1092 dictum:
647 1036 820 1093 ceterorum
833 1029 1046 1138 nesciiegere,
1065 1052 1137 1095 cum

110 1125 286 1211 propinquo
305 1144 379 1188 rure
397 1132 451 1188 aut
472 1122 562 1187 litore
580 1131 612 1186 et
629 1144 724 1209 saepe
745 1124 869 1190 moenia
886 1122 972 1190 urbis
991 1125 1137 1190 adsidens

111 1227 283 1284 extremam
301 1224 460 1283 senectam
478 1214 746 1307 compleverit.
1096 1278 1102 1289 ,

174 1311 226 1377 Ac
247 1312 328 1377 forte
349 1311 411 1376 illis
434 1310 545 1376 diebus
568 1310 653 1375 oblat
640 1320 707 1375 tum
726 1310 856 1377 Caesari
879 1334 994 1398 anceps
1016 1314 1137 1400 pericu-
1157 1337 1188 1385 59

109 1407 175 1471 lum
193 1407 288 1471 auxit
313 1424 395 1471 vana
420 1405 554 1481 rumoris
580 1405 786 1491 praebuitque
811 1406 872 1491 ipsi
897 1408 1059 1472 materiem
1084 1431 1139 1473 cur

11 1506 14 1514 ’
111 1500 264 1566 amicitiae
287 1485 542 1582 constantiaeque
565 1497 673 1565 Seiani
693 1499 796 1586 magis
818 1500 937 1565 fideret.
968 1502 1139 1567 vesceban-

110 1595 211 1661 turin
230 1594 306 1660 villa
327 1594 379 1661 cui
401 1593 590 1661 vocabulum
608 1591 799 1680 Speluncae,
822 1617 908 1660 mare
925 1593 1139 1661 Amuclanum
1244 1607 1246 1610 ’

110 1690 190 1755 inter
206 1701 235 1755 et
251 1688 423 1755 Fundanos
441 1692 579 1765 montes,
597 1690 704 1755 nativo
721 1690 754 1754 in
772 1711 883 1775 specu3
902 1690 969 1756 eius
988 1713 1023 1756 os
1041 1692 1138 1778 lapsis

109 1793 236 1870 repente
263 1785 348 1850 saxis
375 1784 479 1850 obruit
504 1785 663 1893 quosdam
683 1785 791 1850 minist
779 1794 856 1864 tros3
883 1786 957 1852 hinc
982 1797 1140 1852 metus
1107 1788 1115 1803 ⁹
1156 1819 1161 1827 ¹

109 1901 218 1949 omnes
236 1888 268 1944 et
284 1878 363 1966 fuga
381 1900 488 1944 eorum
502 1877 557 1961 qui
574 1878 752 1944 convivium
769 1879 983 1945 celebrabant.
975 1878 1139 1947 Seianus
1212 1925 1215 1928 -

110 1995 195 2059 genu
212 1973 280 2037 vult
267 1982 362 2056 tuque
381 1982 412 2038 et
429 1972 575 2038 manibus
594 1994 688 2058 super
702 1970 873 2038 Caesarem
891 1996 1064 2061 suspensus
1083 1998 1138 2061 op·

109 2060 216 2153 posuit
237 2088 306 2136 sese
327 2067 465 2132 morden
464 2066 590 2131 rbus
559 2076 652 2150 atque
674 2066 784 2132 habitu
809 2066 863 2132 tali
885 2078 1027 2153 repertus
1050 2079 1098 2134 est
1119 2093 1139 2134 a

109 2162 189 2227 milit
189 2161 261 2226 ibus
283 2161 337 2244 qui
360 2160 501 2229 subsidio
522 2171 681 2226 venerant.
713 2161 812 2226 maior
834 2183 874 2226 ex
881 2183 960 2241 eo;
976 2171 1007 2226 et
1029 2181 1139 2245 quam-

110 2279 205 2339 quam
223 2254 355 2322 exitiosa
372 2256 530 2333 suaderet,
553 2256 670 2320 utnon
688 2256 737 2320 sui
759 2256 886 2332 anxius,
910 2270 983 2320 cunr
1003 2255 1065 2320 fide
1084 2279 1140 2320 au*

111 2349 266 2429 diebatur;
298 2348 568 2434 adsimulabatque
582 2349 706 2437 ‘iudicis
732 2358 837 2436 partes
865 2349 1032 2426 adversum
1059 2346 1139 2414 Ger-

110 2444 224 2510 manici
234 2444 371 2530 stirpem,
383 2444 516 2511 subditis
524 2443 579 2528 qui
589 2454 806 2509 accusatorum
814 2443 941 2508 nomina
951 2443 1139 2508 sustinerent

110 2538 308 2623 maximeque
325 2538 551 2619 insectarentur
567 2538 733 2616 Neronem,
751 2538 928 2624 proximum
947 2536 1140 2603 successioni

111 2642 155 2711 et,
182 2655 373 2718 quamquam
393 2633 537 2700 modesta
562 2633 702 2710 iuventa,
729 2633 913 2718 plerumque
936 2642 1041 2697 tamen
1063 2632 1140 2716 quid

111 2728 144 2791 in
168 2727 415 2812 praesentiarum
441 2726 629 2792 conduceret
654 2726 800 2804 oblitum,
828 2726 945 2791 dum-a
966 2725 1085 2792 libertis
1108 2735 1140 2791 et

111 2820 290 2911 clientibus,
306 2820 501 2905 apiscendae
518 2820 675 2929 potentiae
692 2820 847 2906 properis,
871 2820 1141 2885 exstimulaturt
1105 2829 1141 2884 ut

112 2924 248 2980 erectum
272 2913 474 2979 etfidentern
496 2914 592 2986 animi
613 2923 664 2980 ost
652 2915 804 2979 tet.ndere
814 2915 912 2980 velle
933 2915 967 2979 id
988 2914 1141 3003 populum

110 3009 304 3118 Romanurn,
323 3029 437 3093 cupere
455 3008 571 3073 exercit
571 3030 619 3085 us,
638 3030 752 3091 neque
758 3015 908 3073 ausurum
917 3018 1033 3118 ’contm
1052 3006 1141 3074 Seia

110 3117 196 3180 num,
215 3103 269 3187 qui
286 3123 371 3166 nunc
383 3102 567 3187 patientiam
581 3103 664 3168 senis
683 3111 714 3166 et
732 3103 898 3188 segnitiam
916 3103 1037 3167 iuvenis
1051 3103 1140 3167 iuxta

111 3197 253 3262 insultet·
278 3196 358 3261 haec
383 3205 477 3280 atque
504 3197 578 3261 talia
600 3196 743 3262 audienti
767 3196 845 3263 nihil
870 3197 998 3279 quidem
1012 3212 1145 3282 ⁴pravae
1158 3215 1191 3264 60

112 3290 323 3376 cogitationis,
347 3290 403 3356 sed
424 3290 581 3373 interdum
598 3295 692 3355 'voces
714 3288 919 3376 procidebant
940 3299 1139 3355 contumaces

113 3395 143 3450 et
160 3385 374 3462 inconsultae,
390 3379 469 3469 quas
487 3385 622 3470 adpositi
640 3385 788 3450 custodes
805 3393 951 3471 exceptas
969 3380 1140 3467 auctasque

113 3501 185 3543 cum
203 3479 372 3557 deferrent,
395 3489 498 3562 neque
512 3478 632 3549 Neroni
649 3478 817 3544 defendere
834 3478 974 3554 daretur,
997 3477 1140 3543 diversae
1179 3506 1182 3510 ⁴

112 3573 240 3658 iusuper
265 3566 509 3638 sollicitudinum
531 3573 651 3646 formae
673 3572 864 3640 oriebantur·
891 3594 964 3636 nem
985 3571 1141 3636 aliusoc-
1143 3565 1145 3568 ’

113 3688 239 3732 cursum
248 3685 315 3732 ems
324 3667 436 3732 vitare
428 3667 579 3750 quidam
589 3667 711 3732 saluta
690 3676 773 3735 rone
783 3667 943 3732 reddrtas
930 3664 1018 3730 atrm
1027 3663 1139 3743 averti

112 3761 274 3853 plerique
264 3771 424 3846 inceptum
439 3783 614 3826 sermonem
628 3760 846 3846 abrumpere,⁹
837 3760 928 3826 rnsist
916 3756 1053 3826 tentibus
1066 3779 1141 3824 con·

112 3866 161 3920 tra
176 3856 444 3950 inridentibusque
461 3878 516 3941 qur
506 3855 647 3922 ⁹Seiano
664 3856 732 3921 faut
720 3865 802 3922 tores
820 3856 958 3921 aderant.
982 3851 1140 3920 enimvero

113 3949 290 4015 Tiberiust
277 3959 394 4016 torvus
404 3961 458 4016 aut
475 3951 591 4016 falsum
603 3951 754 4016 renidens
767 3951 834 4016 vult
823 3962 879 4029 tu3
889 3973 946 4016 seu
963 3950 1145 4034 loqueretur

113 4067 170 4109 seu
188 4045 330 4110 taceret
318 4046 457 4123 iuvenis,
481 4046 599 4111 crimen
616 4067 656 4110 ex
678 4045 779 4111 silent
758 4055 814 4123 tro,
838 4067 878 4110 ex
899 4067 1001 4122 voce3
1015 4066 1055 4110 ne
1076 4066 1140 4126 nox

113 4139 240 4224 quidem
259 4161 383 4220 secura,
402 4157 474 4206 cum
490 4157 571 4206 uxor
588 4139 722 4228 pgilice,
734 4162 879 4218 somnos,
898 4140 1033 4226 suspiria
1048 4137 1140 4204 matri
