2760 4874
469 407 592 451 scamis
610 407 828 452 communitio.
1107 406 1191 454 XVII

101 517 223 587 Seneca,
254 517 384 572 tenuiora
414 519 543 589 exempla
572 525 639 574 suut
656 519 744 588 xissc,
768 520 845 600 quod
865 520 935 575 miro
954 522 1038 575 modo
1061 538 1095 576 ex
1116 528 1193 577 rete·

101 602 173 667 quae
184 586 350 650 Quintiliani
360 586 489 640 feruntur
498 588 637 642 declama·
656 607 716 642 rurn
727 595 893 658 scriptorum
903 590 1002 643 studiis
1013 607 1138 661 suaeque
1148 608 1194 644 ae·

99 662 201 709 tiones.
246 654 391 709 Ciceronis
421 671 489 709 vero
519 655 637 710 imitatio
656 656 723 711 tatis
736 656 857 711 inventis
871 658 1056 727 compositam
1073 676 1131 712 non
1151 669 1194 711 so·-

101 740 269 793 quamquam
284 723 392 776 servilis
406 740 464 777 non
477 730 638 796 eratneque
656 725 714 777 lum
730 742 834 778 novum
852 733 928 780 esset
951 727 1000 780 sed
1020 726 1103 780 etiam
1121 728 1193 780 adeo

100 792 172 845 adeo
192 799 253 845 tota
271 791 437 856 Quintiliani
459 797 489 847 et
510 794 638 863 egregio·
656 793 745 862 ipsius
763 792 920 862 proprium,
943 799 976 846 ut
997 794 1045 864 qui
1069 795 1196 849 similiter

99 877 161 914 rum
172 859 231 913 eius
242 859 443 929 discipulorum
453 860 547 914 studia
556 876 638 915 occu·
657 861 812 930 scripserit,
831 860 904 914 inter
913 869 1022 915 vetares
1036 863 1194 916 noverimus

100 929 202 997 pabat,
222 934 324 981 utnon
338 929 427 981 multa
439 928 638 998 praeclarain·
657 929 804 983 neminem.
840 929 919 993 Quae
933 946 995 982 cum
1004 929 1044 982 ita
1058 931 1127 998 sint,
1147 931 1194 982 mi-

101 996 187 1065 genia
205 995 288 1049 etiam
305 1002 373 1065 post
386 994 552 1052 Ciceronem
571 997 638 1051 exti-
656 999 731 1051 nime
748 996 832 1050 nobis
850 997 1015 1051 incredibile
1034 998 1146 1051 videtur
1162 999 1193 1051 il-

100 1065 169 1117 tisse
185 1070 215 1117 et
233 1063 286 1116 sibi
300 1080 413 1135 quoque
427 1063 496 1133 ipsis
509 1081 639 1134 magnam
657 1066 715 1118 lum
728 1064 819 1134 ipsum
834 1064 978 1131 Tacitum,
999 1065 1047 1135 qui
1061 1066 1195 1120 historiae

100 1131 232 1202 propriae
259 1131 352 1185 laudis
376 1132 487 1201 copiam
512 1134 639 1187 relictam
659 1133 826 1187 scribendae
844 1149 947 1187 novam
973 1134 1086 1187 dicendi
1109 1140 1196 1188 artem

101 1217 164 1255 esse
184 1200 384 1267 existimarent,
392 1205 416 1244 st
439 1198 529 1255 fiebat
545 1207 639 1255 tamen
660 1200 1195 1270 adhibuit,aliquandocamoratorad·

99 1268 262 1322 necessario
285 1273 317 1320 ut
343 1268 513 1338 eloquentia
533 1286 638 1338 corum,
658 1270 810 1335 hucesset‚
830 1285 864 1322 eo
875 1269 987 1323 dicendi
1002 1285 1106 1339 genere
1115 1287 1196 1322 usum
1264 1332 1272 1341 ,

101 1336 181 1389 cuius
199 1336 312 1406 quidem
330 1353 466 1389 summum
483 1339 640 1407 exemplum
659 1355 735 1406 esse,
754 1338 832 1408 quod
845 1337 875 1390 in
885 1337 999 1407 dialogo
1014 1338 1196 1406 admiramur,

102 1421 137 1458 ex
159 1403 252 1458 alieno
276 1405 372 1458 seculo
394 1406 547 1473 petendum
570 1410 638 1474 erat,
658 1422 750 1476 neque
759 1422 848 1475 parva
857 1406 919 1459 laus
930 1412 982 1474 est,
996 1407 1073 1477 quod
1082 1406 1112 1459 in
1121 1413 1196 1460 utro·
1262 1408 1270 1425 ⁵
1315 1390 1324 1401 ”

101 1489 233 1542 magnam
262 1477 370 1541 partem
401 1478 461 1527 arte
489 1479 518 1526 et
545 1473 638 1526 studio
659 1491 713 1545 que
732 1490 836 1544 genere
856 1473 938 1527 simul
953 1481 982 1527 et
994 1475 1196 1543 praestantiam

102 1545 285 1610 quaereretur
301 1547 478 1610 repugnante
493 1541 536 1594 sui
551 1541 638 1595 seculi
659 1548 948 1596 summamassecutus
958 1550 1010 1611 est,
1021 1548 1121 1596 eteam
1131 1559 1196 1596 con·

101 1613 216 1676 natura,
234 1608 306 1662 adeo
322 1614 448 1678 utquam
461 1608 517 1678 ipsi
530 1609 576 1663 vel
589 1625 639 1678 po·
660 1610 792 1663 stantiam
806 1626 840 1664 ac
853 1609 1032 1678 facilitatem,
1053 1628 1125 1680 quae
1139 1628 1197 1664 non

102 1676 228 1745 pularem
256 1675 369 1730 dicendi
397 1678 638 1746 consuetudinem,
658 1683 719 1732 arte
738 1677 866 1758 quaesita
887 1679 938 1733 sed
959 1684 1061 1732 natura
1081 1679 1196 1748 ingene-

101 1744 148 1798 vel
166 1744 251 1798 etiam
277 1750 365 1798 artem
387 1745 475 1798 aetati
497 1745 539 1799 illi
561 1761 640 1799 acce·
657 1752 721 1800 rata
730 1747 867 1800 videatur.
901 1746 1195 1800 Nonautemcreden-

101 1821 181 1881 ptam
204 1817 233 1865 et
258 1811 377 1866 maxime
404 1813 597 1868 blandientem
624 1830 639 1867 e
660 1815 724 1867 dum
735 1819 787 1883 est,
804 1814 879 1884 quod
889 1813 1004 1884 Lipsius
1014 1814 1092 1884 dixit,
1107 1815 1136 1868 in
1146 1815 1197 1868 illa

103 1878 243 1933 communi
268 1897 321 1933 usu
347 1881 483 1935 imbibere
513 1888 639 1952 possent,
659 1882 813 1936 mutatione
831 1899 948 1951 prorsus
967 1899 985 1936 a
1009 1898 1071 1936 sese
1090 1883 1194 1936 abiisse

102 1965 164 2003 eam
174 1950 283 2002 ratione
294 1965 327 2002 aa
338 1949 487 2018 disciplina
501 1966 602 2005 exuere
612 1956 642 2004 ct
658 1951 805 2017 Tacitum3
824 1950 927 2004 etenim
941 1951 1069 2021 quamvis
1084 1951 1197 2004 diversa

103 2017 229 2070 devitare
248 2018 431 2071 studerentiss
471 2018 564 2082 Quare
583 2035 640 2072 cre·
660 2019 717 2072 sint
726 2019 776 2072 illa
786 2018 897 2072 dicendi
907 2035 1022 2089 genera,
1037 2019 1092 2072 hoc
1101 2025 1196 2090 tamen

103 2085 170 2138 dere
196 2101 314 2138 necesse
341 2092 386 2138 est
411 2085 478 2140 alim
500 2086 640 2156 Tacitum,
660 2103 805 2142 commune
828 2087 947 2155 habent,
977 2088 1053 2157 quod
1076 2092 1105 2140 et
1127 2104 1195 2140 suae

106 2152 222 2206 dumsui
232 2153 319 2206 seculi
329 2153 496 2222 pravitatem
506 2154 640 2224 declinat,
659 2161 808 2225 utrumque
822 2155 957 2209 materiae
967 2155 1143 2224 aptissimum
1154 2161 1196 2208 est

103 2220 275 2300 appetivisse
297 2237 359 2274 eam
381 2222 560 2302 eloquentiae
579 2240 640 2292 spe·
660 2231 688 2277 et
706 2224 782 2293 quod
800 2229 949 2294 utrumque
973 2223 1060 2276 seculi
1082 2223 1196 2342 inqenio

104 2306 188 2357 erem,
207 2304 281 2358 quae
294 2306 352 2343 non
366 2295 467 2344 aetatis
483 2307 549 2345 suae
563 2291 641 2360 inge·
660 2290 830 2344 contrarium
845 2292 881 2344 ab
896 2296 955 2343 arte
965 2291 1056 2359 magis
1071 2296 1100 2344 et
1127 2290 1196 2343 atio-

104 2357 151 2410 nio
167 2359 217 2410 sed
232 2355 375 2411 Ciceronis
390 2359 517 2426 exemplo
533 2358 640 2423 Quinti·
659 2377 694 2413 ne
702 2358 795 2412 Taciti
804 2358 1050 2427 profectumquam
1058 2374 1197 2411 consensu

104 2425 230 2497 lienique
246 2426 409 2495 praeceptis
428 2428 641 2481 accommodata
659 2427 819 2497 aequalium
830 2425 1197 2481 commendatumcstatvi-

105 2500 194 2562 esset,
212 2499 314 2562 postea
331 2510 398 2548 vero
418 2511 480 2548 cum
498 2495 534 2548 ad
553 2495 639 2549 histo·
660 2497 742 2549 detur
751 2499 844 2548 autem
854 2494 985 2564 dialogus
993 2499 1053 2546 tum
1066 2493 1196 2547 aTacito

104 2562 174 2616 riam
201 2562 380 2616 scribendam
407 2579 438 2617 se
466 2563 631 2617 contulisset
661 2562 782 2633 scriptus
804 2578 881 2631 esse,
910 2579 972 2614 cum
998 2562 1035 2614 ad
1062 2579 1197 2614 summam

104 2647 201 2682 rursus
223 2629 350 2684 videmus
373 2647 436 2684 eum
457 2631 541 2696 plane
564 2604 642 2685 aliud
661 2630 880 2700 oratoriaeartis
894 2630 1083 2684 maturitatem
1097 2646 1196 2699 perve-

106 2697 285 2768 eloquentiae
295 2715 385 2767 genus
398 2697 551 2754 artificiose
566 2700 641 2754 effin·
660 2700 761 2754 nisset:
784 2700 857 2753 adeo
876 2698 925 2754 ille
944 2698 1025 2752 simul
1046 2704 1075 2752 et
1092 2697 1197 2767 insigni

660 2768 756 2821 iudicii
772 2767 924 2836 prudentia
941 2773 971 2822 et
985 2765 1196 2846 oratorisexer3

130 2872 154 2910 67
173 2869 258 2909 Sufficit
267 2870 293 2910 de
301 2870 342 2910 hac
351 2881 387 2920 re,
401 2882 455 2921 quac
468 2872 542 2911 multis
552 2876 573 2911 et
581 2873 642 2912 testi·
662 2836 740 2890 citati
765 2835 868 2906 peritia
894 2842 924 2890 et
954 2851 1058 2888 summa
1084 2836 1197 2888 dieendl

105 2923 182 2960 moniis
196 2925 218 2960 et
228 2923 333 2972 exemplis
342 2924 475 2972 comprobari
489 2927 572 2973 potest,
586 2925 642 2973 apud
1178 2956 1181 2961 .

106 2972 262 3022 Quintilianum
271 2974 342 3022 legere
351 2975 389 3013 lib.
399 2974 426 3022 X,
436 2977 456 3022 1,
466 2976 568 3014 lis-122
578 2979 601 3014 et
609 2979 642 3014 to·
686 2975 710 3014 69
727 2974 804 3014 Mirum
814 2975 869 3022 quod
878 2975 965 3024 Lipsius
978 2985 1022 3014 nan
1036 2976 1138 3024 cogitavit
1148 2977 1197 3014 tan-

105 3027 150 3062 tum
160 3024 257 3063 eiusdem
265 3025 315 3064 libri
328 3029 393 3074 caput
406 3027 425 3073 2,
440 3027 497 3074 quod
511 3029 544 3065 est
557 3026 584 3064 de
594 3027 642 3065 imi·
660 3029 694 3065 tae
708 3028 833 3066 mutationis
846 3037 869 3065 se
883 3027 953 3075 ipsum
971 3027 1055 3075 insigne
1073 3027 1196 3075 exemplum

106 3077 198 3120 tutione:
208 3076 362 3125 apudPllnium
372 3076 642 3127 tocnmiiiumep.vi,el,1.
662 3079 758 3126 esse,qui
768 3089 816 3116 curn
825 3079 939 3116 maturiore
949 3081 1019 3116 aetate
1029 3081 1151 3116 constanter
1156 3078 1196 3116 Tu-

106 3136 152 3166 ram
162 3136 190 3166 aa
199 3126 277 3179 ite.qai
286 3127 354 3168 rairer
364 3128 472 3180 antiquos,
483 3140 524 3169 arra
533 3134 642 3176 temeram
661 3129 726 3167 citum
736 3130 758 3168 in
772 3129 884 3168 scribendo
898 3129 984 3168 imitans
998 3131 1116 3168 orationem
1130 3129 1195 3167 ctiam

106 3177 328 3230 qnidam‚temparam
339 3186 461 3220 austrorum
471 3177 560 3228 inperata
570 3179 643 3231 despi-
661 3180 767 3218 duriorem
781 3179 899 3228 effingeret,
914 3181 965 3218 oiim
979 3183 1058 3227 tamen,
1074 3191 1121 3219 curn
1131 3180 1195 3218 lenae

107 3228 152 3275 cio,-
166 3239 232 3281 aeqae
241 3229 297 3283 enim
306 3229 368 3282 quasi
378 3230 436 3272 lassa
445 3237 466 3272 et
476 3229 541 3284 effeto
555 3236 643 3278 actara,
661 3235 724 3276 esset,
731 3233 794 3280 plene
801 3231 942 3271 Ciceroniano
952 3232 1051 3280 exemplo
1061 3232 1152 3270 scribere
1163 3241 1197 3268 so-

106 3284 129 3320 at
138 3279 194 3320 attat
204 3280 249 3321 iam
260 3280 370 3322 lattdubiie
378 3282 462 3333 pariat.
481 3283 537 3332 apud
546 3283 643 3321 'l'acltum
661 3282 729 3330 lebat3
744 3283 872 3321 documento
883 3293 930 3321 esse
939 3287 1029 3331 possunt
1038 3283 1141 3331 epistolae
1152 3282 1197 3319 eius

105 3331 245 3379 nunniti.
255 3343 294 3374 aec
303 3333 534 3425 omniaapadluiores
544 3331 642 3381 meliora,
661 3333 725 3373 sSal.
741 3332 849 3383 Cypriano
864 3334 934 3372 ecilino
948 3336 970 3372 in
984 3332 1053 3372 catal.
1068 3333 1129 3371 codd.
1144 3343 1196 3371 mss.

107 3382 143 3423 sed
152 3388 226 3423 nostra
240 3393 321 3436 quoqne
334 3390 444 3437 oetasytaa
455 3391 478 3427 ta
492 3383 565 3426 luridis
574 3390 593 3426 et
605 3395 643 3425 ar·
661 3385 712 3423 bibl.
729 3384 792 3424 Goth.
808 3396 828 3433 p.
844 3387 868 3424 56
882 3389 904 3423 et
916 3386 939 3423 in
954 3384 1010 3423 clar.
1025 3385 1089 3422 viror.
1108 3394 1156 3432 epp.
1175 3394 1197 3430 p.

107 3433 161 3474 tiam
171 3433 279 3475 imitando
288 3436 381 3486 posteris
391 3435 452 3477 tralit.
661 3437 698 3475 lte
712 3446 744 3484 sq.
759 3440 781 3475 et
793 3436 838 3474 vid.
852 3437 934 3474 Klotzii
948 3445 1034 3483 opusne.
1048 3435 1102 3472 varii
1115 3444 1197 3481 argum.

131 3486 156 3524 68
173 3485 248 3534 Longe
262 3487 304 3526 alis
317 3489 372 3526 ratio
385 3487 496 3527 Ciceronis
510 3489 550 3534 est,
565 3488 587 3526 iu
602 3498 643 3536 quo
661 3497 709 3536 pag.
720 3489 752 3527 14.
763 3487 829 3527 Gesn.
839 3488 865 3525 ad
874 3487 977 3525 Heinecc.
987 3486 1081 3524 fundam.
1092 3485 1134 3523 stili
1146 3485 1197 3523 cult.

107 3536 229 3585 eloquentia
237 3538 338 3586 Romane,
347 3549 402 3587 quaa
411 3541 453 3578 iam
462 3544 525 3577 antea
535 3549 572 3587 per
580 3549 644 3587 quos·
661 3549 682 3586 p.
693 3540 781 3586 llisqq.
796 3538 858 3576 Haud
868 3538 971 3576 dissimile
981 3542 1014 3575 est
1022 3537 1119 3584 Hugonis
1130 3535 1197 3574 Grotii

106 3587 154 3626 dam
163 3589 224 3636 quasi
232 3589 310 3636 gradum
320 3590 423 3638 paulatim
436 3590 522 3629 exculta
536 3594 599 3637 esset,
614 3590 644 3628 ita
662 3591 792 3638 exemplum,
803 3590 838 3627 cul
847 3589 943 3627 Annales
952 3592 974 3626 ct
983 3588 1089 3626 Historias
1099 3587 1124 3624 de
1134 3587 1197 3625 rebus

107 3642 152 3677 tum
161 3641 254 3688 primum
262 3641 357 3688 perfecta
367 3641 451 3688 enituit,
460 3645 572 3688 attamen,
583 3639 644 3680 sici·
661 3640 756 3688 Belgicis
769 3640 872 3679 scribenti
885 3650 933 3678 cnm
946 3640 1042 3678 'l'acitum
1056 3639 1097 3676 sibi
1112 3639 1197 3676 imitan-

107 3700 156 3728 eoro
167 3691 239 3729 nullus
249 3691 333 3739 fuisset,
346 3693 409 3731 multi
422 3692 449 3730 ad
459 3702 531 3741 parem
541 3693 643 3731 similem·
662 3692 712 3730 dum
725 3692 878 3740 proposuisset,
892 3695 966 3728 auctor
979 3690 1020 3728 init
1032 3690 1159 3738 Biguonius,
1174 3693 1198 3728 ut

106 3751 147 3788 que
161 3743 313 3789 praestantium
327 3744 452 3792 adspiraturi
466 3744 557 3790 fuerint3
576 3747 599 3782 et
611 3753 644 3781 re·
663 3741 777 3782 Caesarem
790 3743 862 3791 potius
876 3742 1005 3787 imitaretur;
1031 3742 1114 3780 scilieet
1131 3741 1198 3779 libera

106 3793 202 3830 ctissime
212 3793 287 3832 scribit
295 3795 346 3832 Tac.
356 3794 407 3834 dial.
418 3796 468 3833 cib
477 3795 503 3832 de
513 3795 558 3833 eius
567 3795 644 3833 aetatis
662 3795 707 3832 iere
722 3797 755 3832 est
768 3793 915 3841 exemplorum
929 3793 1006 3830 electio
1020 3793 1058 3839 iis,
1077 3794 1113 3840 qui
1127 3793 1197 3831 minus

106 3844 237 3884 oratoribus:
261 3855 300 3885 nec
314 3843 382 3896 refert
398 3845 451 3896 quari
465 3845 523 3885 inter
537 3845 644 3896 serpente
662 3849 749 3884 naturae
763 3846 786 3883 vi
800 3848 822 3883 et
835 3845 902 3883 seculi
915 3832 1002 3892 ingenio
1016 3844 1121 3883 ducuntur
1135 3854 1197 3892 quam

106 3892 220 3946 differant,
230 3906 278 3936 earm
289 3906 365 3946 qaaere
374 3897 524 3938 coessentiam:
536 3907 644 3937 -omacs
662 3907 700 3935 suo
711 3896 798 3935 arbitrio
812 3899 833 3934 et
846 3897 925 3935 iudicio
939 3906 950 3934 e
965 3895 1041 3938 studiis
1055 3897 1142 3940 hausto;
1157 3905 1197 3933 nec

106 3946 196 3986 eandem
206 3946 324 3988 antitistem
335 3945 468 4000 eloquentiae
480 3946 562 3999 sarmit,
577 3952 610 3995 at,
624 3947 644 3987 ai
662 3947 791 3986 credendum
801 3951 834 3986 est
843 3947 865 3985 id
874 3957 918 3986 non
928 3947 1003 3986 cadere
1013 3949 1035 3986 in
1044 3948 1112 3986 Taciti
1123 3947 1197 3985 l'linli-

106 3996 200 4037 amatam
209 3998 296 4048 pariter
305 3997 372 4039 librae
382 3999 406 4039 ia
415 4009 502 4044 munitm
515 3997 644 4049 sumpseris,
663 4009 703 4047 que
712 4002 812 4044 aetutem,
819 3999 934 4037 cumcadat
943 3999 1197 4046 manifestissimcinpro-

105 4047 408 4100 seiae,qaameieindisereta
418 4048 645 4101 irruentiacsseqaaa·
661 4051 743 4088 nimam
755 4049 881 4097 Frontonis,
900 4051 985 4098 sintque
999 4051 1063 4090 ctiam
1081 4049 1198 4087 vetustiora

106 4099 155 4140 riam
169 4099 250 4141 indicti
264 4111 290 4142 ae
303 4100 419 4143 satientatis
433 4100 601 4142 similitudinem
619 4112 644 4143 aa
663 4101 762 4149 exempla
776 4100 902 4140 artificiosae
917 4102 1054 4148 imitationis,
1068 4104 1092 4140 ut
1101 4099 1197 4139 Arruntii

106 4151 264 4201 aequationem.
663 4152 719 4202 apud
728 4152 778 4191 Seu.
789 4152 852 4202 epist.
863 4154 908 4192 114.

161 4217 231 4261 Taciti
245 4217 286 4260 eol.
298 4217 313 4261 l.
