2760 4874
87 306 125 377 ι
280 390 342 456 306
626 396 808 453 CORNELII
823 394 957 451 TACITI
1001 386 1007 393 ⁸

1199 488 1219 521 a.
1229 492 1251 522 a.
1262 484 1309 522 818.

244 592 256 603 ν
279 555 653 633 Proculus‚‘occidcndac
671 554 778 617 matris
797 553 930 617 Neronis
948 552 1028 616 inter
1046 550 1223 626 ministros,
1246 573 1310 614 non

278 677 319 718 cx
336 651 551 737 magnitudine
570 648 695 714 sceleris
714 658 896 733 provectus,
920 655 955 709 ut
972 644 1115 722 rebatur3
1138 646 1165 709 is
1184 640 1309 709 mulieri

278 748 352 812 olim
371 745 525 832 cognitus,
544 765 601 812 seu
618 765 727 807 recens
746 751 813 806 orta
831 740 982 815 amicitia,
1002 740 1082 803 dum*
1095 739 1211 802 merita
1233 761 1310 824 erga

278 840 434 906 Neronem
453 860 510 903 sua
527 847 558 902 et
575 859 670 921 quam
688 837 721 899 in
738 835 859 899 irritum
877 833 1063 898 cecidissent
1081 833 1182 918 aperit
1200 833 1310 897 adicit·

279 957 340 1019 que
358 942 487 1017 questus
506 942 537 995 et
554 930 793 995 destinationem
812 928 982 1004 vindictae,
1007 927 1034 992 si
1052 926 1187 991 facultas
1207 948 1310 992 orere·

280 1043 338 1105 tur,
358 1050 447 1112 spem
464 1026 550 1090 dedit
566 1045 661 1109 posse
678 1022 786 1108 inpelli
804 1031 835 1086 et
847 1022 952 1108 plures
967 1021 1147 1086 conciliare:
1165 1043 1226 1085 nec
1240 1020 1309 1086 leve

280 1121 430 1186 auxilium
447 1120 480 1185 in
498 1119 613 1194 classe,
641 1116 766 1181 crebras
785 1115 982 1191 occasiones,
1009 1114 1084 1197 quia
1101 1114 1186 1179 Nero
1210 1115 1309 1180 multo

279 1215 364 1300 apud
385 1213 535 1278 Puteolos
562 1222 594 1276 et
614 1210 775 1275 Misenum
803 1208 898 1273 maris
925 1232 986 1273 usu
1012 1208 1196 1273 laetabatur.
1234 1231 1310 1295 crgo

187 1326 191 1335 “
279 1306 445 1393 Epicharis
462 1306 566 1392 plura:
586 1314 617 1369 et
629 1304 734 1370 omnia
751 1304 869 1368 scelera
885 1302 1034 1388 principis
1053 1303 1188 1381 orditur3
1207 1325 1310 1388 neque

267 1424 383 1467 serum
400 1400 520 1484 adquid
536 1421 676 1478 manere,
696 1399 752 1463 sed
769 1399 944 1483 provisum,
962 1419 1099 1481 quomun
1121 1399 1218 1463 modo
1235 1420 1311 1484 poe-

281 1519 339 1560 nas
358 1517 485 1560 eversae
502 1494 548 1557 rei
565 1492 710 1579 publicae
728 1492 829 1556 daret:
848 1491 1063 1577 accingeretur
1079 1493 1175 1556 modo
1193 1515 1311 1556 navare

173 1636 179 1645 .
281 1611 408 1674 operam
428 1597 459 1651 et
480 1588 613 1652 militum
636 1586 804 1650 acerrimos
827 1586 940 1650 ducere
962 1585 996 1648 in
1012 1596 1133 1670 partes,
1157 1607 1196 1650 ac
1214 1587 1312 1672 digna

282 1682 382 1766 pretia
408 1689 594 1765 expectaret.
630 1680 758 1743 nomina
784 1689 888 1743 tamen
914 1679 1144 1744 coniuratorum
1171 1680 1310 1757 reticuit3

283 1774 365 1838 unde
380 1773 505 1837 Proculi
523 1773 672 1839 indicium
686 1773 813 1837 imitum
826 1772 899 1849 tuit,
918 1773 1114 1857 quamvisea
1126 1794 1209 1855 quae
1223 1774 1312 1838 audi-

282 1879 348 1932 erat
374 1868 414 1932 ad
435 1868 591 1932 Neronem
618 1867 789 1931 detulisset
817 1867 917 1931 accita
944 1866 1059 1951 quippe
1084 1865 1259 1951 Epicharis
1281 1885 1312 1933 et

283 1986 353 2027 cum
372 1963 473 2028 indice
491 1963 665 2048 composita
682 1962 775 2027 nullis
794 1961 927 2026 testibus
943 1962 1079 2026 innisum
1093 1962 1313 2027 facile-confu-

284 2059 371 2122 tavit.
390 2058 446 2122 sed
463 2058 533 2142 ipsa
550 2057 584 2121 in
601 2056 744 2121 custodia
759 2064 881 2120 retenta
897 2064 955 2132 est,
975 2065 1175 2140 suspectante
1184 2057 1311 2123 Nerone

284 2152 370 2216 haud
387 2151 468 2216 salsa
485 2173 556 2216 esse
574 2151 667 2215 etiam
686 2172 767 2233 quae
784 2171 859 2215 vera
875 2172 938 2215 non
954 2149 1176 2234 probabantur.

235 2264 265 2311 ut
297 2271 301 2276 ·
349 2244 529 2310 Coniuratis
548 2254 653 2309 tamen
674 2255 760 2326 metu
781 2243 966 2329 proditionis
988 2244 1137 2329 permotis
1160 2244 1312 2328 placitum

285 2350 438 2404 maturare
456 2340 585 2404 caedem
603 2339 688 2424 apud
704 2337 800 2402 Baias
818 2338 851 2401 in
864 2338 939 2402 villa
946 2338 1083 2415 Pisonis,
1102 2339 1192 2403 cuius
1206 2362 1314 2411 amoe-

285 2434 380 2497 nitate
399 2443 508 2517 captus
523 2431 643 2497 Caesar
661 2431 769 2496 crebre
787 2431 960 2496 ventitabat
976 2431 1167 2515 balneasque
1185 2442 1218 2496 et
1236 2456 1313 2518 epu-

284 2528 331 2591 las
350 2527 448 2591 inibat
466 2527 591 2591 omissis
610 2526 750 2591 excubiis
764 2535 795 2590 et
812 2525 956 2590 fortunae
975 2549 1050 2590 suae
1067 2525 1160 2591 mole.
1180 2528 1239 2590 sed
1257 2527 1312 2592 ab·

286 2621 353 2684 nuit
370 2620 461 2698 Piso,
489 2621 639 2685 invidiam
656 2620 877 2706 praetendens,
906 2620 933 2684 si
955 2643 1044 2685 sacra
1060 2642 1189 2684 mensae
1207 2622 1312 2704 diique
1353 2684 1356 2690 .

286 2714 456 2798 hospitales
466 2715 561 2778 caede
570 2715 806 2797 qualiscumque
819 2714 968 2799 principis
978 2723 1229 2778 cruentarentur:
1248 2738 1314 2778 me-

286 2809 346 2871 lius
365 2809 449 2891 apud
472 2808 581 2873 urbem
599 2810 631 2872 in
650 2809 702 2873 illa
725 2810 825 2873 invisa
848 2819 879 2874 et
902 2809 1008 2894 spoliis
1031 2809 1148 2873 civium
1171 2820 1314 2873 extructa

287 2902 380 2963 domo
416 2901 464 2962 vel
499 2902 532 2963 in
562 2901 687 2985 publico
717 2912 894 2987 patraturos
925 2904 1010 2986 quod
1039 2925 1095 2988 pro
1126 2925 1160 2966 re
1186 2903 1313 2987 publica

288 2992 510 3077 suscepissent.
536 2993 615 3057 haec
636 2996 668 3057 in
691 3017 869 3072 commune,
896 3007 1034 3060 ceterum
1056 2997 1166 3085 timqrc
1190 2998 1312 3061 occulto

287 3109 326 3150 ne
348 3087 389 3151 L.
414 3085 542 3152 Silanus
565 3088 680 3152 eximia
700 3089 868 3176 nobilitate¹
884 3091 1109 3175 disciplinaque
1133 3089 1171 3154 O.
1197 3089 1312 3165 Cassii,

287 3182 371 3265 apud
389 3204 483 3266 quem
501 3182 651 3246 educatus
670 3192 749 3259 erat,
772 3184 813 3247 ad
831 3206 955 3247 omnem
973 3184 1190 3248 claritudinem
1209 3184 1313 3248 subla-

288 3286 338 3340 tus
360 3276 525 3360 imperium
547 3277 722 3352 invaderet,
749 3288 891 3362 prompte
914 3278 1032 3343 daturis
1055 3278 1108 3360 qui
1131 3302 1150 3342 a
1173 3279 1315 3344 coniura-

288 3370 371 3435 tione
381 3371 494 3456 integri
508 3380 615 3443 essent
623 3372 739 3454 quique
753 3371 973 3436 miserarentur
980 3372 1137 3436 Neronem
1153 3382 1314 3457 tamquam

288 3487 344 3548 per
366 3465 468 3528 scelus
490 3465 704 3529 intersectum
724 3465 868 3549 plerique*
881 3465 1008 3529 Vestini
1028 3487 1153 3548 quoque
1177 3468 1314 3531 consulis

289 3580 359 3621 acre
377 3557 538 3643 ingenium
554 3559 704 3624 vitavisse
712 3559 862 3627 Pisonem
880 3560 1086 3636 crediderunt,
1105 3582 1145 3624 ne
1164 3562 1206 3624 ad
1222 3560 1316 3625 liber-

290 3661 385 3715 tatem
403 3661 542 3717 oreretur
559 3653 609 3717 vel
622 3653 742 3718 delecto
748 3654 944 3738 rimperatore
958 3653 1019 3719 alio
1034 3655 1083 3718 sui
1096 3655 1235 3729 muneris
1250 3678 1316 3719 rem

290 3744 447 3830 publicam
465 3745 595 3824 faceret3
615 3748 729 3811 etenim
747 3769 859 3831 expers
874 3748 1094 3812 coniurationis
1109 3756 1186 3824 erat,
1205 3771 1316 3833 quam-

290 3840 338 3904 vis
357 3862 451 3924 super
468 3863 505 3905 eo
524 3841 650 3905 crimine
658 3841 741 3907 Nero
754 3850 844 3906 vetus
858 3841 1025 3906 adversum
1038 3842 1196 3907 insontem
1211 3843 1317 3908 odium

291 3934 470 4018 expleverit.
927 3937 939 3942 ⁸

241 4047 272 4093 53
356 4028 498 4093 Tandem
517 4039 651 4094 statuere
674 4031 858 4094 circensium
875 4031 1020 4095 ludorum
1039 4029 1104 4106 die,
1132 4031 1188 4113 qui
1209 4030 1318 4096 Cereri

292 4120 477 4198 celebratur,
506 4123 617 4205 exequi
639 4123 806 4200 destinata,
834 4125 908 4207 quia
926 4123 1046 4189 Caesar
1070 4147 1162 4189 rarus
1181 4148 1318 4211 egressu
