2760 4874
229 379 271 444 94
575 385 760 443 CORNELII
774 385 905 442 TAOITI

1087 481 1252 520 armatu.

227 548 315 612 initia
337 545 464 657 ΐῑιεῒίἥῖᾆΙ
476 542 667 609 Caesaribus
691 553 778 607 erant
800 545 1017 631 magisque-iu
1039 546 1137 610 oculis
1157 558 1250 612 vetus

227 665 295 706 mos
314 649 345 705 et
361 614 519 725 privigffl'
530 661 601 704 cum
620 638 728 701 vitrico
746 638 844 702 levior
862 639 1060 704 necessitudo
1078 662 1172 724 quam
1191 664 1251 705 avo

227 737 393 800 adversum
406 738 561 817 nepdtem.
584 731 707 795 additur
720 731 918 816 pontificatus
933 743 964 796 et
976 755 1039 817 quo
1052 733 1187 818 primum
1200 736 1251 799 die

227 829 329 893 forum
354 827 514 912 ingressus
537 835 585 890 est
606 825 798 910 congiarium
824 824 922 910 plebi,
950 827 1119 890 admodum
1140 827 1250 905 laetae,

226 922 310 1005 quod
329 918 509 986 Germanici
527 919 654 1003 stirpem
672 919 733 982 iam
751 918 901 1002 puberem
920 919 1100 1004 aspiciebat.
1124 931 1251 986 auctum

227 1015 339 1080 dehinc
365 1013 515 1100 gaudium
541 1013 657 1097 nuptiis
678 1012 812 1077 Neronis
839 1021 870 1076 et
891 1013 1004 1091 Iuliae,
1031 1015 1132 1080 Drusi
1157 1015 1249 1080 filiae.

226 1119 322 1194 utque
341 1108 418 1171 haec
431 1106 569 1170 secundo
586 1128 719 1183 rumore,
737 1107 781 1170 ita
798 1107 938 1171 adversis
957 1107 1068 1172 animis
1087 1119 1250 1193 acceptum

226 1203 311 1286 quod
336 1202 400 1265 filio
428 1199 553 1270 Claudii
579 1221 666 1264 socer
693 1198 827 1265 Seianus
854 1201 1073 1265 destinaretur:
1100 1202 1251 1286 polluisse

226 1296 419 1361 nobilitatem
441 1294 579 1359 familiae
600 1293 765 1365 videbatur
787 1304 1030 1379 suspectumque
1051 1296 1114 1359 iam
1136 1296 1250 1360 nimiae

227 1391 294 1475 spei
313 1388 464 1455 Seianum
481 1388 562 1452 ultro
579 1388 737 1452 extulisse.

176 1505 209 1552 30
289 1484 369 1548 Fine
387 1482 460 1547 anni
477 1503 659 1547 concessere
677 1481 742 1545 vita
758 1482 898 1567 insignes
917 1482 975 1547 viri
992 1483 1033 1547 L.
1048 1482 1200 1551 Volusius
1218 1495 1251 1549 et

228 1576 396 1644 Sallustius
425 1575 566 1660 Crispus.
598 1573 731 1639 Volusio
756 1573 847 1640 vetus
874 1576 993 1641 familia
1018 1599 1120 1660 neque
1145 1582 1251 1642 tamen

225 1680 402 1756 praeturam
416 1691 556 1755 egressa3
575 1667 643 1753 ipse
661 1668 854 1733 consulatum
868 1670 979 1747 intulit,
998 1671 1140 1735 censoria
1157 1670 1251 1734 etiam

225 1772 379 1848 potestate
392 1763 532 1848 legendis
545 1762 684 1844 equitum
702 1761 836 1826 decuriis
849 1762 975 1827 functus
994 1785 1160 1848 opumque,
1179 1763 1250 1846 quis

227 1858 338 1921 domus
348 1856 401 1920 illa
409 1856 585 1920 inmensum
596 1854 704 1940 viguit,
719 1855 837 1938 primus
848 1856 1070 1921 adcumulator.
1091 1855 1249 1941 Crispum,

227 1950 364 2034 equestri
389 1959 491 2014 ortum
515 1949 599 2026 loco,
633 1939 671 2013 C.
700 1946 882 2026 Sallustius,
908 1973 1013 2015 rerum
1037 1951 1249 2015 Romanarum

226 2043 464 2108 florentissimus
483 2053 603 2121 auctor,
628 2042 742 2107 sororis
760 2053 905 2127 nepotem
922 2044 955 2107 in
972 2038 1250 2119 nomen'adscivit3
1335 2082 1351 2133 ·.'

228 2148 321 2221 atque
342 2138 408 2214 illc,
436 2158 627 2220 quamquam
652 2146 796 2222 prompto
817 2137 859 2200 ad
880 2139 1089 2222 capessendos
1115 2138 1251 2202 honores

227 2233 323 2309 aditu,
341 2231 558 2296 Maecenatem
572 2232 745 2295 aemulatus
760 2231 826 2295 sine
839 2231 990 2317 dignitate
1004 2231 1158 2296 senatoria
1168 2231 1251 2296 mul-

228 2336 276 2390 tos
299 2325 531 2410 triumphalium
553 2325 824 2408 consulariumque
845 2325 984 2410 potentia
1005 2325 1125 2402 anteiit,
1150 2325 1251 2388 diver-

228 2442 282 2483 sus
301 2442 320 2483 a
336 2429 477 2483 veterum
489 2418 630 2482 instituto
648 2440 704 2502 per
717 2418 835 2482 cultum
853 2427 884 2482 et
901 2418 1079 2494 munditias,
1099 2418 1251 2503 copiaque

228 2522 259 2577 et
276 2513 436 2576 affluentia
452 2512 529 2576 luxu
550 2513 690 2598 propi0r3
714 2511 840 2576 suberat
861 2521 966 2576 tamen
983 2513 1074 2597 vigor
1092 2513 1251 2587 animiin·

227 2606 373 2692 gentibus
395 2607 529 2691 negotiis
547 2629 617 2691 par,
641 2628 678 2670 eo
696 2606 796 2670 acrior
817 2627 879 2687 quo
899 2627 1043 2669 somnum
1061 2616 1092 2669 et
1108 2605 1250 2669 inertiam

227 2701 328 2785 magis
355 2699 544 2778 ostentabat3
575 2701 671 2785 igitur
695 2699 843 2764 incolumi
868 2699 1054 2764 Maecenate
1079 2700 1249 2784 proximus,

228 2815 303 2856 mox
327 2794 513 2878 praecipuus
536 2794 586 2857 cui
612 2803 732 2857 secreta
752 2794 974 2878 imperatorum
996 2793 1199 2857 inniterentur
1220 2802 1251 2856 et

227 2885 430 2949 interficiendi
448 2885 591 2950 Postumi
614 2885 776 2970 Agrippae
799 2888 956 2964 conscius,
980 2897 1081 2952 aetate
1103 2896 1252 2972 provecta

228 2979 365 3064 speciem
383 2980 484 3065 magis
502 2980 536 3042 in
553 2980 688 3043 amicitia
705 2980 853 3064 principis
875 3002 970 3064 quam
989 2982 1052 3045 vim
1070 2981 1181 3045 tenuit:
1204 2980 1252 3043 id-

226 3094 288 3154 que
315 3084 346 3135 et
370 3071 547 3137 Maecenati
573 3073 741 3150 acciderat,
768 3073 834 3138 sato
859 3075 1015 3159 potentiae
1041 3096 1110 3139 raro
1137 3074 1252 3157 sempi-

227 3177 346 3243 ternae,
374 3189 415 3230 an
437 3167 532 3231 satias
555 3167 638 3251 capit
659 3178 713 3231 aut
735 3167 818 3245 illos,
846 3175 918 3232 cu'm
941 3168 1046 3232 omnia
1067 3166 1263 3242 tribuerunt,

227 3269 281 3323 aut
298 3258 369 3336 hos,
390 3282 460 3323 cum
478 3261 540 3324 iam
558 3261 635 3324 nihil
652 3261 805 3345 reliquum
824 3271 871 3325 est
889 3262 973 3344 quod
991 3260 1126 3346 cupiant.

177 3375 206 3422 31
292 3352 441 3437 Sequitur
462 3355 579 3419 Tmnmr
601 3379 745 3433 QUARTUS,
772 3356 871 3420 Drus1
892 3379 1041 3420 sucurnus
1064 3346 1251 3421 consuamus

226 3448 322 3532 patris
341 3458 433 3531 atque
450 3448 506 3512 filii
524 3450 656 3535 collegio
673 3449 820 3535 insignis3
843 3473 915 3513 nam
932 3449 1058 3515 biennio
1081 3459 1153 3513 ante
1172 3446 1253 3514 Ger-

226 3543 340 3615 manici
353 3565 425 3606 cum
438 3542 565 3608 Tiberio
578 3544 660 3607 idem
673 3543 773 3608 honor
785 3566 886 3627 neque
903 3554 1014 3628 patruo
1031 3544 1131 3608 laeuis
1149 3565 1252 3629 neque

227 3645 337 3699 natura
354 3645 419 3700 tam
436 3659 594 3711 connexus
613 3638 724 3702 fuerat.
747 3638 815 3701 eius
833 3639 906 3701 anni
923 3637 1075 3722 principio
1093 3637 1251 3714 Tiberius,

227 3731 317 3812 quasi
334 3730 504 3795 firmandae
521 3731 698 3808 valitudini,
721 3732 754 3795 in
773 3726 979 3816 Campaniam
998 3731 1167 3808 concessit,
1185 3731 1253 3794 lon-

227 3846 300 3907 gam
319 3834 350 3887 et
371 3825 549 3889 continuam
572 3825 745 3890 absentiam
767 3826 917 3911 paulatim
939 3826 1108 3901 meditans,
1132 3825 1199 3889 sive
1218 3836 1253 3888 ut

228 3929 331 3980 amoto
352 3929 441 4003 patre
458 3919 585 3984 Drusus
607 3920 715 3984 munia
732 3921 912 3984 consulatus
932 3920 1016 3984 solus
1035 3919 1187 4003 impleret.
1215 3939 1253 3982 ac

227 4009 307 4073 sorte
324 4033 421 4094 parva
442 4035 492 4076 res
510 4037 660 4099 magnum
678 4015 718 4078 ad
740 4025 897 4079 certamen
918 4037 1086 4100 progressa
1107 4012 1253 4098 praebuit

196 4176 197 4181 η
227 4105 331 4168 iuveni
345 4106 504 4170 materiem
513 4108 673 4192 apiscendi
682 4109 811 4174 favoris:
826 4109 986 4174 Domitius
998 4106 1148 4221 Cori*
1161 4128 1252 4191 prae-
