2760 4874
384 343 778 428 ANNALIUMLm.Xn1.
797 359 915 414 13-1o.
1099 348 1161 413 291

138 454 312 596 Adhibita,
331 518 510 604 placuitque
528 516 653 581 liberari
670 515 792 580 obsidio
809 516 949 601 legiones
969 526 999 580 et
1012 517 1162 582 decedere

138 637 263 680 omnem
281 612 412 676 militem
434 610 549 675 finibus
568 609 790 700 Armeniorum
813 610 1002 694 castellaque
1014 621 1056 675 ‘et
1079 633 1163 676 com-

138 718 258 773 meatus
279 707 406 772 Parthis
429 707 523 784 tradi3
550 705 664 790 quibus
691 707 876 792 perpetratis
900 707 990 792 copia
1010 707 1163 795 Vologesi

137 804 225 867 fieret
242 801 386 866 mittendi
404 801 445 864 ad
462 800 619 865 Neronem
637 798 769 886 legatos.

200 897 332 961 Interim
354 895 475 959 flumini
492 895 648 959 Arsaniae
667 932 709 941 —-
730 895 757 958 is
781 904 883 959 castra
902 895 1098 980 praefluebat
1120 935 1161 948 ψ-
1183 917 1213 962 15

137 1001 264 1076 pontem
286 990 449 1075 imposuit,
478 989 581 1074 specie
605 988 665 1054 sibi
686 988 765 1052 illud
786 989 845 1053 iter
871 989 1079 1075 expedientis:
1107 991 1164 1055 sed

137 1085 246 1150 Parthi
264 1085 355 1169 quasi
372 1086 595 1149 documentum
612 1083 760 1148 victoriae
778 1085 947 1162 iusserant3
970 1108 1106 1168 namque
1124 1085 1162 1150 iis

137 1180 210 1245 usui
227 1179 300 1257 fuit3
318 1179 416 1244 nostri
433 1201 490 1264 per
510 1179 668 1243 diversum
686 1179 759 1242 iere.
779 1179 898 1243 addidit
914 1203 1021 1244 rumor
1036 1180 1097 1244 sub
1116 1181 1163 1243 iu·

137 1298 214 1360 gum
232 1274 344 1338 missas
362 1272 503 1358 legiones
518 1283 549 1337 et
563 1272 624 1337 alia
633 1294 672 1336 ex
685 1272 779 1337 rebus
793 1272 950 1351 infaustis,
969 1296 1103 1358 quorum
1122 1274 1163 1338 si-

137 1368 310 1432 mulacrum
329 1367 369 1432 ab
387 1366 553 1431 Armeniis
567 1377 753 1452 usurpatum
772 1377 832 1431 est:
860 1390 995 1452 namque
1014 1378 1045 1432 et
1062 1370 1164 1432 muni-

137 1471 243 1539 menta
260 1461 396 1548 ingressi
413 1471 495 1539 sunt,
515 1471 683 1545 antequam
701 1485 816 1546 agmen
833 1458 1013 1527 Romanum
1032 1465 1163 1531 excede-

136 1565 192 1633 ret,
208 1566 239 1619 et
248 1557 477 1622 circumstetere
486 1555 564 1633 vias,
576 1556 699 1641 captiva
708 1556 782 1620 olim
797 1556 952 1642 mancipia
962 1558 1163 1625 autiumenta

137 1651 363 1735 adgnoscentes
379 1649 656 1733 abstrahentesque
662 1674 671 1728 3
689 1659 796 1735 raptae
811 1651 905 1714 ctiam
915 1660 1029 1728 vostea,
1043 1660 1163 1716 retenta

137 1766 236 1820 arma,
259 1744 374 1828 pavido
397 1745 494 1808 milite
517 1753 548 1808 et
565 1745 769 1821 concedente,
793 1767 833 1808 ne
855 1767 918 1828 qua
938 1745 1049 1831 proelii
1067 1768 1163 1810 causa

137 1837 291 1903 existeret
320 1836 495 1922 Vologeses
514 1839 608 1907 armis
631 1847 662 1902 ct
679 1839 861 1923 corporibus
884 1861 1047 1904 caesorum
1070 1864 1165 1926 agge·

136 1931 227 2007 ratis,
246 1952 308 2013 quo
327 1931 448 1994 cladem
465 1943 604 1997 nostram
623 1941 801 2008 testaretur,
824 1933 896 1996 visu
914 1933 1101 2019 fugientium
1119 1935 1163 1998 le·

137 2025 265 2110 gionum
293 2023 456 2088 abstinuit:
483 2025 569 2089 fama
586 2026 807 2095 moderationis
829 2026 1049 2109 quaerebatur,
1076 2038 1163 2112 post-

137 2141 232 2203 quam
250 2118 429 2204 superbiam
451 2120 639 2204 expleverat.
671 2119 788 2183 flumen
805 2119 975 2185 Arsaniam
997 2121 1161 2205 elephanto

137 2213 290 2290 insidens,
309 2213 470 2298 proximus
489 2213 621 2297 quisque
640 2236 747 2300 regem
765 2215 797 2276 vi
813 2236 966 2297 equorum
983 2237 1161 2300 perrupere,

137 2310 210 2393 quia
227 2330 333 2372 rumor
354 2304 524 2372 incesserat
541 2316 669 2393 pontem
692 2330 855 2373 cessurum
873 2309 958 2374 oneri
977 2308 1049 2372 dolo
1067 2308 1163 2377 fabri·

138 2404 289 2479 cantium3
313 2400 369 2466 sed
387 2403 440 2484 qui
458 2402 579 2488 ingredi
598 2402 666 2466 ausi
685 2411 771 2480 sunt,
791 2402 934 2466 -validum
953 2411 984 2466 et
1000 2402 1099 2466 fidum
1116 2403 1163 2466 in-

138 2497 292 2560 tellexere.
652 2578 656 2582 .
725 2568 726 2575 ἵ
1116 2503 1119 2506 ”

203 2589 350 2654 Ceterum
373 2589 511 2655 obsessis
530 2591 609 2655 adeo
632 2589 881 2674 suppeditavisse
903 2611 970 2653 rem
993 2589 1213 2658 frumenta-16

137 2685 214 2748 riam
234 2686 371 2752 constit't
389 2695 423 2748 ut
440 2685 559 2750 horreis
577 2686 684 2771 ignem
701 2683 852 2749 inicerent
874 2694 1043 2768 contraque
1059 2685 1164 2771 prodi-

138 2779 217 2843 derit
232 2778 374 2870 Corbulo
395 2778 531 2844 Parthos
554 2779 663 2864 inopes
686 2776 846 2864 copiarum
868 2787 900 2843 et
921 2777 1037 2864 pabulo
1054 2780 1164 2850 ,attrito

138 2872 299 2937 relicturos
327 2874 606 2959 oppugnationem,
643 2895 752 2958 neque,
773 2895 811 2939 se
836 2871 908 2959 plus
936 2873 1029 2938 tridui
1054 2873 1163 2940 itinere

139 2965 266 3031 afuisse.
285 2966 380 3031 adicit
391 2964 596 3033 iureiurando
605 2967 696 3032 Paeti
705 2977 838 3032 cautum
846 2967 936 3053 apud*
944 2967 1044 3053 signa,
1060 2978 1164 3032 astan-

139 3059 221 3124 tibus
236 3060 277 3123 iis
288 3081 367 3143 quos
381 3058 575 3125 testificando
589 3083 644 3124 rex
657 3061 805 3138 misisset,
819 3061 975 3124 neminem
983 3060 1163 3133 Romanum

138 3153 323 3217 Armeniam
335 3154 559 3238 ingressurum,
578 3156 679 3219 donec
691 3155 880 3218 referrentur
891 3150 1011 3217 litterae
1020 3153 1163 3230 Neronis,

140 3271 180 3311 an
197 3247 268 3332 paci
285 3257 444 3311 annueret
471 3271 552 3331 quae
574 3257 610 3311 ut
627 3250 790 3334 augendae
812 3247 959 3311 infamiae
982 3248 1163 3332 composita,

140 3342 186 3405 sic
203 3341 322 3424 reliqua
340 3341 454 3404 nonin
473 3342 607 3406 obscuro
625 3337 791 3418 habentur,
810 3363 874 3405 una
890 3340 941 3404 die
959 3341 1166 3427 qnadraginta

140 3435 261 3499 milium
287 3435 422 3520 spatium
449 3457 612 3500 emensum
634 3457 703 3498 esse
721 3433 869 3511 Paetum,
892 3435 1024 3522 desertis
1046 3435 1165 3519 passim

141 3529 390 3613 sauciis,·neque
407 3530 511 3594 minus
529 3528 703 3593 deformem
720 3528 807 3592 illam
824 3527 1012 3614 fugientium
1030 3528 1166 3612 trepida

141 3625 256 3687 tionem
274 3646 368 3708 quam
388 3625 414 3688 si
432 3634 520 3709 terga
538 3623 569 3686 in
584 3623 650 3686 acie
664 3622 839 3686 vertissent.
860 3620 999 3687 Corbulo
1014 3643 1086 3685 cum
1100 3621 1165 3687 suis

141 3719 238 3803 copiis
257 3719 341 3804 apud
358 3719 459 3803 ripam
475 3717 650 3802 Euphratis
667 3716 778 3781 obvius
796 3739 859 3780 non
877 3739 947 3781 eam
965 3716 1102 3800 speciem
1119 3715 1166 3778 in-

142 3813 278 3896 signium
297 3822 327 3876 et
344 3835 501 3877 armorum
518 3811 664 3897 praetulit
676 3818 712 3874 ut
725 3810 938 3878 diversitatem
951 3808 1165 3895 exprobraret:

141 3903 252 3968 maesti
269 3905 419 3990 manipuli
437 3929 474 3970 ac
486 3906 588 3970 vicem
601 3905 846 3970 commilitonum
860 3905 1045 3970 miserantes
1063 3926 1103 3969 ne
1121 3904 1167 3968 la·

142 3997 245 4062 crimis
264 3999 391 4082 quidem
409 4009 594 4088 temperare3
616 4001 671 4064 vix
692 4020 767 4085 prae
784 3999 865 4065 fletu
888 4009 1037 4084 usurpata
1055 4021 1166 4089 consa

141 4091 265 4171 lutatio;
296 4092 473 4159 decesserat
499 4104 655 4160 certamen
680 4094 802 4160 virtutis
827 4105 861 4160 et
886 4093 1014 4160 ambitio
1036 4091 1164 4180 gloriae,

935 4195 995 4260 19¹⁸?
