3040 5046
308 495 373 562 234
659 505 842 562 CORNELII
855 504 982 562 Taum

1224 605 1236 634 ι
1252 607 1274 637 n
1284 597 1331 638 tos.

306 675 461 754 potusque
479 665 546 730 eius
568 663 707 730 delectus
730 685 770 729 ex
790 664 939 730 ministris
956 675 1053 751 gustu
1075 663 1268 749 explorabat,
1291 687 1332 732 ne

307 759 500 824 omitteretur
512 758 689 823 institutum
702 768 757 823 aut
774 758 936 842 utriusque
948 767 1047 823 morte
1065 759 1247 844 proderetur
1264 781 1333 824 sce-

306 854 371 932 lus,
394 853 464 918 talis
482 853 572 918 dolus
590 861 731 938 repertus
750 861 811 918 est:
834 851 961 917 innoxia
983 851 1086 917 adhuc
1103 874 1140 917 ao
1156 853 1333 937 praecalida

306 958 337 1012 et
354 947 450 1013 libata
466 957 563 1034 gustu
583 947 670 1032 potio
691 946 822 1011 traditur
839 945 1041 1024 Britanniam,
1056 947 1142 1023 dein,
1165 955 1333 1032 postquam

306 1044 428 1109 fervore
445 1042 679 1128 aspernabatur,
697 1041 813 1128 frigida
829 1042 861 1106 in
880 1064 962 1126 aqua
979 1041 1150 1107 affunditur
1166 1063 1332 1118 venenum,

306 1139 391 1223 quod
408 1139 452 1203 ita
469 1148 599 1205 cunctos
617 1138 684 1203 eius
703 1147 788 1203 artus
802 1137 941 1222 pervasit
956 1146 993 1200 ut
1009 1159 1072 1201 vox
1089 1136 1204 1221 pariter
1221 1145 1252 1201 et
1270 1136 1334 1220 spi-

305 1235 383 1299 ritus
398 1233 465 1299 eius
478 1242 668 1318 raperentur.
692 1233 863 1318 trepidatur
876 1255 895 1296 a
908 1230 1220 1309 circumsedentibus3
1240 1231 1334 1294 diffu-

305 1329 396 1416 giunt
417 1329 634 1414 inprudentes3
662 1326 830 1410 atquibus
857 1326 947 1390 altior
968 1324 1157 1402 intellectus,
1183 1325 1335 1390 resistunt

306 1423 401 1488 delixi
418 1432 450 1486 et
461 1422 618 1488 Neronem
634 1422 804 1485 intuentes:
823 1419 884 1496 ille,
903 1428 938 1484 ut
955 1428 1021 1483 erat
1038 1418 1161 1484 reclinis
1180 1427 1211 1483 et
1227 1419 1333 1484 nescio

307 1517 426 1594 similis,
446 1516 571 1581 solitum
588 1515 633 1579 ita
650 1515 693 1579 ait
709 1535 767 1600 per
780 1512 967 1578 comitialem
979 1511 1133 1588 morbum,
1152 1533 1215 1595 quo
1231 1511 1334 1597 prima

306 1610 345 1676 ab
364 1609 495 1675 infantia
512 1608 713 1674 afflictaretur
730 1607 944 1684 Britannicus,
963 1615 995 1671 et
1011 1607 1164 1671 redituros
1182 1606 1334 1690 paulatim

305 1705 392 1769 visus
412 1725 595 1786 sensusque.
623 1710 655 1767 at
672 1700 868 1788 Agrippinae
885 1701 913 1766 is
930 1723 1042 1786 pavor,
1066 1722 1104 1764 ea
1126 1698 1333 1765 consternatio

306 1797 433 1874 mentis,
461 1796 605 1879 quamvis
631 1795 720 1860 vultu
744 1803 950 1880 premeretur,
978 1795 1117 1871 emicuit,
1144 1802 1179 1858 ut
1204 1792 1334 1878 perinde

305 1893 447 1978 ignaram
464 1890 563 1955 fuisse
581 1901 670 1974 atque
689 1887 870 1967 Octaviam,
895 1910 1033 1954 sororem
1050 1887 1236 1965 Britannici,
1258 1909 1335 1952 oon-

308 1984 431 2050 stiterit:
455 1983 570 2069 quippe
589 1983 649 2048 sibi
671 2005 853 2068 supremum
875 1984 1025 2049 auxilium
1048 1992 1189 2067 ereptum
1211 1991 1241 2046 et
1262 2003 1335 2067 par·

306 2077 407 2143 ricidii
429 2077 840 2164 exemplum-intellegebat.
869 2075 1005 2143 Octavia
1026 2098 1165 2160 quoque,
1188 2077 1333 2161 quamvis

305 2172 435 2240 rudibus
454 2173 552 2251 annis,
572 2173 724 2251 dolorem,
740 2173 914 2249 caritatem,
932 2173 1033 2238 omnis
1051 2171 1182 2236 affectus
1201 2170 1335 2237 abscon-

306 2268 379 2333 dere
401 2267 564 2334 didioerat:
591 2268 635 2331 ita
656 2276 729 2352 post
750 2266 845 2332 breve
868 2267 1025 2331 silentium
1046 2265 1177 2352 repetita
1199 2263 1335 2330 convivii

306 2361 433 2426 laetitia.

258 2477 287 2524 ιτ
369 2454 441 2520 Nox
459 2453 568 2518 eadem
582 2475 692 2519 necem
704 2451 878 2518 Britannici
896 2462 927 2518 et
943 2475 1056 2539 rogum
1074 2451 1243 2529 coniunxit,
1261 2472 1336 2536 pro-

306 2551 374 2615 viso
393 2559 464 2614 ante
482 2548 605 2613 funebri
626 2557 751 2633 paratu,
775 2548 829 2632 qui
846 2549 988 2612 modicus
1006 2548 1080 2625 fuit3
1103 2548 1137 2611 in
1158 2567 1268 2632 campo
1286 2554 1336 2610 ta-

306 2666 378 2710 men
390 2643 504 2707 Martis
519 2642 659 2727 sepultus
674 2651 730 2719 est,
750 2643 829 2706 adeo
847 2641 978 2706 turbidis
996 2640 1148 2706 imbribus
1166 2649 1202 2704 ut
1217 2639 1334 2724 vulgus

306 2738 384 2801 iram
401 2736 495 2800 deum
511 2735 655 2820 portendi
672 2735 836 2799 crediderit
854 2734 1004 2800 adversus
1022 2734 1154 2811 facinus,
1174 2729 1225 2797 cui
1240 2731 1336 2818 pleri-

307 2851 367 2913 que
392 2825 517 2914 [et]iam
533 2824 696 2892 hominum
713 2826 931 2914 ignoscebant,
958 2827 1101 2910 antiquas
1120 2827 1251 2890 fratrum
1268 2825 1334 2890 dis-

308 2922 428 2987 cordias
452 2931 482 2985 et
504 2920 686 2986 insociabile
702 2943 834 3007 regnum
858 2921 1067 2986 aestimantes.
1094 2921 1220 2984 tradunt
1240 2919 1335 3004 pleri-

307 3037 368 3098 que
382 3036 489 3079 corum
503 3023 678 3099 temporum
689 3015 854 3099 scriptores
868 3015 984 3080 crebris
998 3023 1070 3080 ante
1084 3014 1212 3079 exitium
1221 3013 1334 3077 diebus

307 3106 434 3173 illusum
446 3109 510 3173 isse
523 3109 674 3194 pueritiae
683 3108 855 3174 Britannici
864 3109 1029 3186 Neronem,
1043 3109 1154 3173 utiam
1167 3130 1230 3172 non
1242 3129 1334 3194 prae-

307 3212 429 3268 matura
441 3224 543 3288 neque
558 3225 652 3268 saeva
664 3225 748 3268 mors
762 3205 860 3269 videri
873 3213 976 3286 queat,
995 3203 1138 3287 quamvis
1152 3203 1232 3266 inter
1245 3223 1335 3266 sacra

307 3319 434 3364 mensae
451 3321 491 3363 ne
509 3308 648 3384 tempore
670 3299 797 3381 quidem
818 3298 859 3362 ad
876 3297 1075 3383 complexum
1097 3319 1238 3362 sororum
1260 3295 1334 3359 dato

308 3397 379 3456 ante
397 3393 503 3457 oculos
516 3393 635 3457 inimici
647 3400 811 3477 properata
829 3392 869 3455 sit
886 3392 918 3454 in
935 3391 1024 3468 illum
1042 3412 1223 3477 supremum
1237 3387 1336 3454 Clau·

308 3486 430 3551 diorum
452 3486 652 3572 sanguinem,
676 3496 783 3570 stupro
800 3485 886 3570 prius
909 3505 1004 3568 qnam
1026 3506 1147 3548 veneno
1168 3482 1333 3568 pollutum.

307 3581 538 3648 festinationem
556 3580 775 3664 exsequiarum
797 3579 899 3643 edicto
918 3577 1037 3644 Caesar
1054 3577 1207 3652 defendit,
1231 3597 1251 3639 a
1267 3595 1336 3640 ma-

307 3674 425 3740 ioribus
437 3674 613 3739 institutum
626 3673 764 3738 referens
779 3673 958 3738 subtrahere
977 3671 1075 3736 oculis
1094 3669 1206 3736 acerba
1223 3668 1335 3732 funera

307 3791 409 3852 neque
430 3768 660 3848 laudationibus
683 3777 737 3832 aut
757 3789 874 3852 pompa
895 3767 1046 3831 detinere:
1070 3773 1207 3829 ceterum
1225 3771 1256 3827 et
1274 3761 1335 3829 sibi

308 3863 424 3930 amisso
441 3861 545 3927 fratris
564 3862 679 3927 auxilio
696 3862 832 3945 reliquas
851 3883 923 3946 spes
940 3861 973 3923 in
990 3857 1168 3944 republica
1190 3857 1279 3932 sitas,
1302 3863 1335 3918 et

309 3965 395 4020 tanto
412 3957 514 4042 magis
532 3957 703 4021 fovendum
719 3954 860 4040 patribus
878 3954 1057 4040 populoque
1074 3952 1260 4038 principem,
1280 3947 1334 4030 qui

309 4071 390 4112 uuus
409 4059 586 4134 superesset
603 4073 620 4114 e
638 4049 758 4114 familia
776 4071 933 4114 summum
953 4047 994 4112 ad
1011 4045 1173 4132 fastigium
1191 4042 1306 4129 genita.

262 4161 291 4209 13
372 4143 458 4206 Exin
479 4143 642 4228 largitione
667 4144 848 4229 potissimos
875 4142 1045 4207 amicorum
1071 4139 1171 4205 auxit:
1198 4158 1257 4201 nec
1279 4136 1334 4199 de-

309 4235 397 4304 fuere
419 4237 473 4320 qui
495 4247 660 4323 arguerent
681 4239 765 4303 viros
787 4237 973 4324 gravitatem
991 4235 1224 4308 adseveranter,
1247 4228 1334 4312 quod
