2760 4874
242 394 304 458 292
588 400 772 459 CORNELII
790 399 921 456 rtem

754 514 756 521 ·
855 523 857 528 .
1162 501 1183 530 a.
1194 502 1215 530 ut
1227 493 1272 531 815-

242 562 379 626 felicium
393 559 564 624 hominum
587 559 733 632 affectus:
761 558 828 623 sola
845 557 1058 623 misericordia
1076 557 1218 636 valebat,
1243 575 1274 624 et

242 657 326 741 aliud
344 656 479 719 minores
498 655 608 739 magis.
1152 740 1155 744 .

210 773 221 816 r
306 750 434 812 Ducum
452 749 532 811 inter
549 770 583 811 se
601 747 704 812 brevis
723 769 826 812 sermo
840 756 966 811 secutus
980 756 1038 825 est,
1057 747 1119 813 hoc
1133 768 1274 831 conque-

241 854 324 907 rente
346 843 473 906 inritum
494 840 649 918 laberem3
676 841 817 925 petuisse
839 840 957 906 bellum
979 840 1058 926 suga
1079 840 1273 916 Parthorum

241 938 335 1014 liniri;
362 937 414 1001 ille
432 937 553 1020 integra
575 935 697 1023 utrique
719 944 831 1000 cuncta
851 935 1025 1021 respondit:
1053 943 1273 1000 converterent

241 1031 361 1114 aquilas
380 1039 410 1093 et
428 1031 525 1094 iuncti
542 1027 724 1094 invaderent
732 1027 916 1094 Armeniam
933 1028 1086 1094 abscessu
1099 1029 1272 1116 Vologesis

240 1124 436 1188 infirmatam.
463 1146 526 1188 non
544 1146 581 1187 ea
598 1123 793 1208 imperatoris
812 1122 927 1188 habere
944 1123 1095 1188 mandata
1113 1121 1271 1189 Corbulo:

239 1219 377 1304 periendo
387 1218 546 1304 legionum
555 1228 745 1282 commotum
754 1240 771 1282 e
780 1219 940 1303 provincia
949 1240 1129 1304 egressum3
1143 1219 1272 1302 quaudo

241 1313 273 1376 in
296 1314 413 1376 incerto
436 1312 609 1376 habeantur
631 1311 822 1376 Parthorum
844 1321 989 1388 conatus,
1009 1309 1138 1397 Syriam
1155 1312 1272 1397 repeti-

241 1416 361 1483 turum3
385 1406 431 1470 sic
449 1428 573 1489 queque
591 1406 741 1490 eptimam
759 1405 917 1470 fortunam
934 1406 1099 1484 orandam,
1118 1415 1155 1469 ut
1172 1406 1271 1491 pedes

241 1499 402 1565 confectus
422 1499 530 1584 spatiis
548 1499 694 1563 itinerum
712 1499 846 1563 alacrem
864 1510 895 1563 et
912 1498 1062 1564 facilitate
1085 1521 1272 1584 camporum

240 1593 492 1678 praevenientem
524 1593 661 1675 equitem
691 1593 922 1676 adsequeretur.
958 1594 1032 1657 exin
1062 1593 1184 1658 Paetus
1214 1616 1273 1679 per

241 1685 476 1770 Cappadociam
507 1685 692 1750 hibernavit.
729 1696 761 1751 at
786 1680 954 1772 Vologesis
986 1687 1026 1751 ad
1054 1685 1271 1753 Corbulonem

81 1855 86 1866 ι
240 1779 330 1842 missi
346 1779 459 1842 nuntii:
479 1778 653 1844 detraheret
671 1779 799 1845 castella
816 1789 901 1845 tram
920 1780 1107 1865 Euphraten
1130 1803 1272 1846 amnem-

162 1924 167 1931 .
241 1893 316 1956 que,
337 1881 370 1936 ut
387 1872 476 1949 olim,
496 1872 634 1936 medium
647 1873 777 1938 taceret.
805 1873 856 1939 ille
873 1872 1058 1938 Armeniam
1076 1895 1206 1958 quoque
1224 1875 1272 1939 di·

240 1965 340 2029 versis
362 1966 526 2051 praesidiis
549 1989 681 2031 vacuam
703 1967 770 2031 fieri
797 1966 1024 2053 expostulabat
1056 1976 1088 2032 et
1109 1979 1271 2054 postremo

241 2060 396 2124 concessit
412 2082 483 2137 rex;
506 2060 670 2144 dirutaque
688 2082 769 2144 quae
786 2060 971 2146 Euphraten
992 2062 1076 2126 ultra
1090 2062 1271 2126 communi-

241 2164 328 2218 verat
346 2152 499 2231 Corbulo,
519 2165 550 2218 et
567 2153 711 2221 Armenii
729 2156 796 2219 sine
814 2156 930 2220 arbitro
947 2155 1046 2220 relicti
1064 2166 1165 2224 sunt..

193 2265 223 2313 18
304 2248 351 2312 At
367 2247 488 2312 Romae
507 2259 633 2334 tropaea
650 2249 689 2314 de
707 2248 833 2314 Parthis
852 2266 1005 2333 arcusque
1023 2249 1271 2336 medieCapito-

241 2340 302 2419 lini
313 2341 427 2405 mentis
451 2341 654 2421 sistebantun
681 2344 806 2407 decreta
828 2342 868 2408 ab
892 2353 1002 2408 senatu
1023 2342 1147 2429 integro
1165 2345 1270 2409 adhuc

233 2434 323 2498 bello
341 2457 441 2518 neque
460 2445 526 2499 tum
548 2437 679 2514 omissa,
707 2437 782 2500 dum
805 2437 947 2522 aspectui
968 2437 1141 2502 consulitur
1163 2448 1271 2523 spreta

241 2529 438 2594 conscientia.
462 2530 537 2612 quin
555 2541 586 2594 et
604 2531 837 2595 dissimulandis
855 2554 958 2596 rerum
972 2540 1172 2596 externarum
1186 2534 1269 2602 curis

240 2621 324 2687 Nero
346 2622 547 2687 frumentum·
561 2624 662 2708 plebis
685 2634 841 2689 vetustate
864 2634 1043 2710 corruptum
1070 2625 1103 2689 in
1126 2625 1268 2690 Tiberim

241 2716 325 2792 iecit,
354 2718 639 2798 quoseeuritatem
661 2729 802 2783 annonae
826 2729 1027 2796 sustentaret3
1054 2719 1146 2784 cuius
1168 2721 1269 2804 pretio
1322 2762 1323 2765 =

241 2809 317 2870 nihil
340 2810 481 2872 additum
499 2821 561 2891 est,
589 2813 733 2894 quamvis
756 2812 906 2885 ducentas
929 2813 1027 2877 ferme
1054 2836 1153 2893 naves
1175 2824 1268 2899 portu

241 2902 360 2985 inipso
378 2902 526 2966 violentia
547 2907 741 2988 tempestatis
765 2917 796 2971 et
818 2917 942 2972 centum
965 2908 1042 2985 alias
1058 2907 1172 2973 >Tiberi
1195 2901 1269 2974 sub-

241 3007 346 3059 vectas
370 2995 515 3060 fortuitus
538 2996 621 3082 ignis
644 2999 882 3086 absumpsisset.
911 3003 966 3067 tris
984 3003 1057 3066 dein
1075 3003 1267 3079 consulares,

241 3090 282 3153 L.
300 3089 459 3167 Pisonem,
477 3090 659 3155 Ducenium
678 3091 863 3175 Geminum,
881 3095 1068 3181 Pompeium
1086 3096 1267 3172 Paulinum,

241 3182 446 3269 vectigalibus
464 3184 598 3270 publicis
616 3188 806 3271 praeposuit,
826 3211 898 3253 eum
910 3190 1114 3254 insectatione
1128 3191 1268 3275 priorum

240 3279 430 3364 principum,
454 3281 508 3363 qui
526 3281 679 3366 gravitate
698 3291 880 3367 sumptuum
897 3284 996 3356 iustos
1014 3285 1134 3357 reditus
1153 3285 1268 3348 anteis-

242 3383 324 3436 sent:
344 3397 378 3438 se
392 3385 531 3440 annum
546 3376 720 3440 sexcenties
740 3378 917 3440 sestertium
931 3378 976 3441 rei
989 3377 1136 3462 publicae
1150 3377 1267 3463 largiri.

192 3485 222 3531 19
305 3466 529 3532 Percrebuerat
543 3492 580 3532 ea
594 3479 777 3554 tempestate
791 3471 997 3555 pravissimus
1011 3494 1091 3549 mos,
1111 3493 1185 3536 cum
1198 3494 1270 3556 pre-

240 3561 365 3644 pinquis
384 3561 517 3626 comitiis
536 3571 590 3625 aut
607 3573 689 3627 sorte
706 3564 937 3647 provinciarum
949 3565 1090 3648 plerique
1104 3564 1174 3630 orbi
1188 3566 1269 3629 fictis

242 3654 461 3740 adoptionibus
475 3655 685 3720 adsciscerent
698 3657 790 3733 filios·
807 3668 1030 3742 praeturasque
1045 3668 1076 3722 et
1088 3659 1269 3744 provincias

241 3749 321 3812 inter
338 3759 442 3833 patres
461 3750 561 3814 sortiti
579 3752 683 3815 statim
702 3752 877 3826 emitterent
894 3776 990 3823 manu
1003 3772 1083 3836 quos
1099 3753 1271 3839 adoptave-

241 3853 319 3919 rant.
338 3866 454 3928 magna
472 3844 678 3924 cuminridia
697 3854 840 3909 senatum
854 3846 979 3922 adeunt,
998 3847 1048 3911 ius
1063 3856 1206 3930 naturae,¹
1225 3849 1270 3913 la-

242 3936 507 4012 boreseducandi
530 3939 679 4002 adversus
707 3939 850 4003 fraudem
874 3949 905 4004 et
927 3950 1009 4004 artes
1028 3950 1060 4004 et
1082 3940 1270 4008 brevitatem

242 4030 417 4113 adoptionis
436 4043 632 4100 enumerant:
661 4034 737 4120 satis
759 4033 851 4119 pretii
869 4057 939 4099 esse
957 4034 1041 4099 orbis
1065 4038 1153 4119 qued
1171 4039 1270 4103 multa

186 4135 189 4138 “
243 4123 416 4204 securitate,
426 4126 519 4194 nullis
529 4127 826 4221 oneribusgratiam,
841 4128 990 4207 honores
1000 4140 1115 4196 cuncta
1123 4144 1271 4220 prompta
