2760 4874
134 360 195 426 134
481 370 665 428 CORNELII
677 369 806 425 TACITI

1051 472 1072 502 ι.
1083 473 1106 503 ιι.
1130 466 1141 504 7
1156 492 1163 504 .

80 554 113 601 ιο
195 531 250 594 Ad
267 553 305 595 ca
323 529 469 595 Tiberius
487 528 614 595 laudata
630 529 745 614 pictate
764 525 872 594 Seiani
890 529 1019 614 suisque
1036 531 1070 594 in
1088 465 1164 596 eriri]

130 625 289 692 beneficiis
307 624 431 689 modice
448 624 618 709 percursis,
643 644 715 687 cum
734 632 857 707 tempus
876 633 1037 708 tamquam
1055 625 1098 690 ad
1116 626 1165 691 in-

131 731 251 807 tegram
269 718 528 785 consultationem
544 718 722 803 petivisset,
740 717 896 783 adiunxit:
915 719 1027 786 ceteris
1045 731 1165 785 morta-

131 815 212 880 libus
231 814 263 878 in
281 835 319 878 eo
337 823 419 878 stare
433 812 562 878 consilia
575 812 651 896 quid
668 812 728 877 sibi
742 812 916 878 conducere
933 823 1059 898 putent3
1076 815 1165 901 prin-

131 909 236 995 cipum
258 909 415 973 diversam
433 928 504 973 esse
523 916 652 984 sortem,
676 904 790 990 quibus
812 908 982 994 praecipua
998 930 1105 974 rerum
1123 909 1164 974 ad

131 1004 255 1069 famam
262 1003 442 1090 derigenda
464 1002 536 1067 ideo
554 1024 589 1067 se
606 1024 669 1066 non
686 1002 763 1066 illuc
773 1001 937 1068 decurrere
953 1003 1040 1087 quod
1055 1020 1164 1089 prom·

130 1108 219 1184 ptum
237 1097 404 1183 rescripta,
426 1118 522 1182 posse
539 1096 642 1182 ipsam
659 1095 787 1160 Liviam
805 1104 956 1174 statuere,
978 1097 1164 1163 nubendum

131 1201 203 1277 post
219 1190 363 1256 Drusum
381 1214 421 1256 an
443 1191 477 1255 in
492 1190 659 1276 penatibus
677 1190 779 1255 isdem
801 1189 996 1257 tolerandum
1016 1191 1162 1270 haberet3

131 1307 202 1350 esse
229 1285 274 1349 illi
300 1295 431 1350 matrem
458 1294 490 1349 et
516 1285 619 1350 aviam
644 1283 791 1370 propiora
816 1285 960 1350 consilia:
988 1285 1163 1372 simplicius

132 1388 288 1456 acturum,
312 1379 354 1443 de
375 1378 545 1444 inimicitiis
566 1378 702 1463 primum
725 1377 937 1464 Agrippinae,
964 1397 1050 1463 quas·
1067 1379 1163 1466 longe

131 1473 234 1539 acrius
252 1496 388 1551 arsuras,
407 1473 435 1539 si
452 1472 685 1538 matrimonium
698 1472 812 1537 Liviae
830 1473 916 1538 velut
931 1473 966 1537 in
981 1481 1088 1559 partes
1107 1474 1164 1539 do-

131 1590 218 1631 mum
237 1566 410 1632 Caesarum
428 1567 639 1646 distraxisset3
662 1566 709 1632 sic
726 1587 851 1650 quoque
873 1588 1037 1658 erumpere
1054 1589 1164 1633 aemu-

131 1662 280 1727 lationem
301 1661 503 1740 leminarum,
531 1683 631 1747 eaque
653 1661 810 1727 discordia
831 1670 962 1747 nepotes
988 1676 1065 1728 suos
1080 1664 1164 1728 'con-

132 1756 218 1821 velli:
243 1756 385 1837 „quidsi
406 1756 584 1822 intendatur
605 1756 839 1822 certamcn‘tali
857 1756 1022 1842 coniugio?
1041 1755 1163 1822 falleris

132 1851 232 1928 enim,
250 1848 379 1927 Seiana,
404 1849 479 1915 site
497 1874 679 1917 mansurum
697 1851 730 1915 in
748 1852 860 1916 codem
877 1852 984 1917 ordine
1001 1862 1111 1938 putas,
1131 1862 1163 1918 et

132 1944 274 2022 Liviam,
301 1966 382 2029 quae
405 1942 442 2009 C.
467 1943 613 2024 Caesari,
640 1969 715 2010 mox
736 1944 846 2011 Druso
867 1954 966 2032 nupta
981 1946 1099 2026 luerit,
1125 1967 1164 2012 ea

132 2049 236 2104 mente
258 2047 397 2105 acturam
419 2048 455 2104 ut
477 2061 549 2104 cum
571 2040 675 2122 equite
697 2040 842 2105 Romano
864 2049 1106 2128 senescatz'ego
1127 2055 1164 2106 ut

133 2134 248 2212 sinam,
276 2132 418 2199 credisne
443 2155 593 2219 passuros
620 2132 675 2217 qui
700 2133 829 2199 fratrem
851 2135 932 2212 eius,
960 2135 1018 2219 qui
1039 2144 1163 2220 patrem

132 2228 327 2312 maioresque
344 2227 668 2314 nostrosinsummis
682 2226 819 2312 imperiis
834 2228 958 2293 videre?
974 2226 1023 2294 vis
1041 2238 1077 2293 tu
1094 2229 1164 2312 qui-

135 2323 207 2387 dem
231 2322 328 2387 istum
354 2322 435 2387 intra
460 2322 565 2387 locum
591 2321 716 2386 sistere:
749 2322 805 2386 sed
830 2321 876 2386 illi
900 2322 1105 2408 magistratus
1132 2332 1164 2388 et

134 2417 300 2501 primores,
324 2417 378 2501 qui
396 2425 426 2482 te
443 2416 542 2480 invito
558 2425 766 2501 perrumpunt
783 2415 991 2500 omnibusque
1009 2418 1049 2482 dc
1066 2415 1163 2482 rebus

134 2511 309 2588 consulunt,
323 2511 498 2576 excessisse
511 2510 575 2575 iam
588 2511 709 2595 pridem
723 2520 867 2593 equestre
880 2510 1042 2597 fastigium
1054 2508 1168 2598 longe-

134 2625 195 2688 que
213 2606 330 2670 antisse
348 2607 445 2691 patris
462 2605 525 2669 mei
543 2605 694 2669 amicitias
711 2626 776 2669 non
794 2605 907 2669 occulti
924 2605 1029 2670 fenmt
1044 2628 1165 2692 perque

134 2698 283 2762 invidiam
297 2699 342 2761 tui
355 2720 406 2762 me
419 2720 545 2782 quoque
562 2699 717 2764 incusant.
741 2708 773 2763 at
791 2698 874 2763 enim
886 2697 1054 2785 Augustus
1066 2700 1165 2765 filiam

135 2813 225 2855 suam
247 2790 344 2875 equiti
364 2791 509 2856 Romano
532 2792 653 2857 tradere
675 2793 843 2857 meditatus
866 2803 927 2857 est:
954 2793 1068 2858 mirum
1094 2794 1165 2859 her·

134 2884 203 2949 culc
222 2882 263 2961 si,
287 2905 359 2948 cum
376 2885 410 2948 in
431 2886 532 2949 omnis
555 2908 646 2951 curas
670 2887 892 2952 distraheretur
913 2887 1164 2972 immensumque

135 2976 234 3042 attolli
251 2978 429 3062 provideret
446 3000 540 3062 quem
558 2980 776 3045 coniunctione
793 2981 848 3045 tali
866 3003 960 3066 super
977 2980 1056 3046 alios
1073 2991 1166 3046 extu·

134 3070 236 3148 lisset,
266 3069 303 3135 C.
327 3070 526 3136 Proculeium
548 3083 579 3137 et
601 3074 755 3158 quasdam
776 3074 810 3138 in
832 3074 1028 3141 sermonibus
1054 3073 1166 3140 habuit

134 3165 250 3251 insigni
264 3165 484 3249 tranquillitate
496 3167 589 3245 vitae,
608 3168 701 3232 nullis
719 3168 764 3232 rei
781 3168 925 3253 publicae
942 3169 1076 3255 negotiis
1094 3192 1166 3255 pcr-
1203 3204 1207 3211 -

135 3259 260 3325 mixtos.
289 3260 352 3324 scd·
363 3259 391 3324 si
408 3260 601 3326 dubitatione
618 3259 760 3348 Augusti
776 3282 953 3339 movemur,
976 3260 1092 3347 quantb
1111 3287 1166 3328 va-

88 3420 91 3425 .
135 3354 229 3421 lidius
252 3355 407 3439 estquod
429 3352 542 3420 Marco
562 3354 740 3441 Agrippae,
768 3379 843 3421 mox
869 3356 947 3420 mihi
973 3357 1167 3421 conlocarit?

136 3457 230 3533 atquc
248 3470 310 3535 ego
321 3448 400 3513 haec
416 3472 474 3535 pro
488 3449 624 3514 amicitia
640 3472 704 3514 non
721 3450 888 3514 occultavi:
908 3458 1045 3516 ceterum
1062 3471 1166 3534 neque

136 3545 199 3610 tuis
219 3563 322 3627 neque
343 3543 457 3609 Liviae
480 3544 643 3609 destinatis
666 3543 865 3610 adversabor.
896 3544 965 3629 ipse
987 3545 1064 3628 quid
1082 3545 1167 3609 intra

137 3637 276 3703 animum
297 3636 517 3717 volutaverim,
544 3639 660 3722 quibus
683 3638 785 3704 adhuc
812 3639 1095 3704 necessitudinibus
1118 3639 1167 3702 in·

100 3727 103 3730 ’
136 3733 268 3799 miscere
290 3741 320 3797 te
338 3732 415 3796 mihi
436 3756 558 3818 parem,
587 3734 728 3798 omittam
746 3734 787 3797 ad
808 3755 957 3818 praesens
975 3733 1105 3798 referre:
1133 3733 1167 3796 id

136 3833 258 3891 tantum
280 3827 431 3911 aperiam,
455 3827 532 3892 nihil
556 3849 626 3893 esse
648 3837 713 3891 tam
735 3827 894 3892 excelsum
916 3828 1002 3910 quod
1023 3849 1088 3892 non
1104 3827 1166 3890 vir·¹

136 3924 220 3987 tutes
233 3922 313 3986 istae
326 3930 460 4005 tuusque
475 3923 508 3986 in
521 3945 571 3987 me
590 3923 713 3988 animus
731 3930 917 3999 mereantur,
937 3922 1073 4005 datoque
1087 3930 1166 3985 tem·

136 4028 213 4094 poee
232 4013 281 4078 vel
298 4014 331 4078 in
349 4025 459 4080 senatu
477 4017 527 4080 vel
544 4017 578 4080 in
595 4017 738 4082 contione
757 4039 819 4081 non
836 4015 1004 4098 reticcb0.“
1108 4037 1115 4046 ’
1156 4049 1164 4058 r

83 4110 116 4159 ⁴1
203 4107 340 4174 Rursum
365 4106 513 4188 Seianus,
540 4133 604 4176 non
626 4111 689 4176 iam
711 4112 750 4175 de
772 4111 969 4177 matrimonio
993 4110 1049 4175 sed
1071 4107 1164 4173 altius

121 4326 163 4565 l
