2760 4874
353 395 358 404 ·
428 375 632 432 ANNALIUM
648 372 789 429 LIB.III.
808 375 929 430 21-24„
1024 396 1027 402 ·
1148 365 1186 430 91

167 464 283 516 aenae.

166 534 220 598 illa
236 533 270 597 in
287 532 463 618 cognitione
476 540 612 596 mentem
630 531 791 616 principis:
810 532 888 596 adeo
902 532 994 599 vertit
1011 554 1048 597 ac
1065 534 1190 598 miscuit

98 680 107 695 .
166 627 238 703 irae
253 635 285 690 et
311 627 492 702 clementiae
518 627 623 711 signa3
650 626 833 710 deprecatus
859 626 960 711 primo
986 636 1129 691 senatum
1150 650 1190 691 ne

165 719 337 784 maiestatis
356 719 485 784 erimina
502 727 718 795 tractarentur,
736 741 811 783 mox
827 718 874 782 M.
896 717 1064 784 Servilium
1081 742 1098 784 e
1116 742 1191 784 con·

167 811 323 877 sularibus
347 813 485 895 aliosque
503 821 599 876 testes
621 812 729 876 inlexit
747 813 787 876 ad
803 812 990 898 proferenda
1006 834 1087 895 quae
1104 814 1190 877 velut

166 906 292 985 reicere²
308 906 461 984 voluerat3
487 907 633 989 idemque
660 929 766 972 servos
789 907 945 991 Lepidae,
972 929 1044 971 cum
1066 907 1190 971 militari

167 1001 309 1065 custodia
325 999 525 1078 haberentur,
544 1000 701 1065 transtulit
718 1001 759 1064 ad
776 1000 919 1065 consules
937 1022 1038 1085 neque
1055 1023 1112 1087 per
1128 1011 1191 1065 tor-

166 1103 273 1158 menta
288 1093 471 1179 interrogari
488 1117 601 1180 passus
620 1105 669 1158 est
686 1095 725 1158 de
742 1095 781 1159 iis
799 1116 879 1177 quae
897 1095 938 1158 ad
955 1096 1082 1160 domum
1100 1116 1190 1158 suum

166 1187 368 1273 pertinerent3
387 1187 503 1251 exemit
520 1187 613 1251 etiam
631 1187 784 1264 Drusum,
804 1188 964 1252 consulem
981 1189 1189 1273 designatum,

167 1280 317 1344 dicendae
335 1280 435 1365 primo
453 1281 522 1345 loco
541 1281 725 1357 sententiae,
748 1281 833 1363 quod
851 1281 903 1344 alii
925 1281 1015 1345 civile
1032 1278 1189 1358 rebantur,

167 1396 208 1438 ne
227 1373 336 1437 ceteris
355 1374 550 1437 adsentiendi
572 1374 742 1439 necessitas
760 1374 860 1451 fieret,
883 1396 907 1465 q
928 1374 935 1388 '
960 1398 1011 1439 am
1029 1375 1069 1438 ad
1091 1375 1191 1439 saevi·

167 1467 243 1531 tiam
256 1466 432 1530 trahebant:
448 1489 550 1551 neque
564 1468 646 1531 euim
656 1489 817 1531 cessurum
826 1468 887 1532 nisi
931 1460 935 1475 ¹
973 1469 1189 1533 nandiofficio.

231 1561 356 1645 Lepida
367 1561 511 1625 ludorum
524 1561 645 1637 diebus,
664 1562 718 1644 qui
732 1562 940 1647 cognitionem
952 1563 1189 1639 intervenerant,
1208 1582 1240 1630 23

168 1655 323 1720 theatrum
340 1677 412 1720 cum
430 1655 521 1720 claris
541 1655 665 1719 feminis
683 1656 840 1740 ingressa,
858 1657 1077 1721 lamentatione
1095 1656 1191 1721 flebili

167 1749 301 1813 maiores
321 1771 394 1813 suos
413 1748 497 1813 ciens
519 1749 684 1833 ipsumque
701 1749 902 1834 Pompeium,
926 1750 1014 1815 cuius
1037 1774 1075 1815 ea
1091 1752 1191 1815 moni-

167 1851 275 1906 menta
295 1851 327 1906 et·
348 1843 507 1906 adstantes
530 1843 682 1928 imagines
705 1842 898 1920 visebantur,
926 1852 1045 1907 tantum
1071 1844 1191 1916 miseri-

168 1935 291 1998 cordiae
304 1935 458 2019 permovit
475 1944 510 1998 ut
528 1935 620 1999 effusi
636 1935 670 1998 in
687 1935 830 2000 lacrimas
849 1959 943 2001 saeva
960 1947 991 2000 et
1008 1937 1194 2000 detestanda
1278 1987 1280 1989 .

169 2027 311 2111 Quirinio
330 2029 535 2106 clamitarent,
558 2029 645 2093 cuius
666 2038 809 2093 senectae
832 2039 924 2113 atque
946 2029 1070 2094 orbitati
1087 2040 1119 2093 et
1136 2029 1191 2094 ob-

168 2122 367 2188 scurissimae
384 2124 491 2187 domui
509 2123 663 2187 destinata
680 2124 837 2206 quondam
855 2145 933 2187 uxor
949 2125 991 2187 L.
1007 2122 1136 2187 Caesari
1154 2145 1191 2187 ac

168 2217 241 2281 divo
262 2215 411 2302 Augusto
433 2240 530 2285 nurus
554 2215 725 2281 dederetur.
753 2217 826 2281 dein
847 2217 1008 2281 tormentis
1031 2239 1191 2280 servorum

170 2303 327 2395 patefacta
353 2321 426 2374 sunt
455 2311 587 2396 flagitia,
618 2311 758 2393 itumque
784 2310 817 2373 in
844 2310 1028 2374 sententiam
1053 2308 1191 2373 Rubellii

168 2404 292 2482 Blandi,
311 2428 330 2469 a
347 2426 409 2488 quo
422 2427 503 2488 aqua
517 2415 610 2487 atque
627 2404 694 2489 igni
711 2403 887 2481 arcebatur3
905 2403 978 2467 huic
991 2402 1118 2466 Dmsus
1136 2403 1192 2466 ad-

169 2498 279 2575 sensit,
306 2518 496 2581 quamquam
518 2498 571 2562 alii
595 2497 701 2561 mitius
728 2497 936 2573 censuissent;
955 2517 1037 2559 ,mox
1061 2494 1190 2572 Scauro,

168 2592 222 2674 qui
238 2591 335 2656 filiam
357 2613 397 2655 ex
414 2613 452 2656 ea
468 2600 632 2676 genuerat,
655 2591 763 2654 datum
780 2612 819 2653 ne
841 2590 924 2654 bona
945 2588 1190 2674 publicarentur:

168 2696 235 2749 tum
253 2686 380 2760 demum
397 2685 518 2769 aperuit
536 2683 682 2749 Tiberius
705 2694 888 2768 conpertum
906 2682 966 2748 sibi
984 2683 1077 2747 etiam
1095 2705 1134 2746 ex
1151 2681 1189 2747 P.

170 2776 305 2860 Quirinii
322 2777 420 2843 servis
439 2799 560 2842 veneno
578 2799 650 2841 eum
665 2801 688 2843 a
704 2777 829 2862 Lepida
846 2777 986 2863 petitum.

232 2872 417 2936 Inlustrium
439 2872 589 2935 domuum
612 2872 744 2936 adversa
761 2910 803 2918 -
821 2872 935 2935 etenim
956 2870 1041 2935 haud
1058 2870 1191 2934 multum
1210 2892 1241 2938 21

169 2964 296 3029 distanti
309 2975 447 3050 tempore
462 2963 624 3049 Calpurnii
632 2965 791 3042 Pisonem,
806 2963 936 3029 Aemilii
943 2964 1101 3053 Lepidam
1114 2966 1192 3028 ami-

170 3070 332 3123 serant-
350 3059 461 3133 solatio
483 3059 598 3123 adfecit
619 3058 662 3123 D.
683 3057 809 3124 Silanus
831 3059 941 3122 Iuniae
963 3058 1099 3121 familiae
1122 3060 1193 3122 red-

169 3153 266 3230 ditus3
286 3175 393 3216 casum
412 3153 478 3217 eiu‘s
491 3152 599 3237 paucis
613 3162 760 3237 repetam.
784 3163 819 3216 ut
836 3152 939 3216 valida
955 3152 1029 3230 divo
1042 3149 1191 3236 Augusto

79 3302 93 3327 ,
169 3246 202 3309 in
218 3268 285 3309 rem
301 3245 459 3330 publicam
476 3247 615 3323 fortuna,
637 3247 682 3311 ita
698 3246 784 3311 domi
805 3246 988 3331 inprospera
1009 3244 1069 3308 fuit
1086 3243 1126 3308 ob
1144 3246 1192 3309 in-

168 3340 350 3424 pudicitiam
363 3340 445 3405 filiae
464 3362 500 3404 ac
518 3341 630 3425 neptis,
649 3363 728 3424 quas
746 3340 823 3404 urbe
837 3339 955 3423 depulit
972 3337 1191 3420 adulterosque

170 3455 276 3498 earum
293 3442 392 3499 morte
410 3444 464 3498 aut
481 3434 558 3519 fuga
574 3434 696 3518 prmivit
701 3459 709 3512 3
728 3456 801 3497 nam
816 3433 939 3517 culpam
956 3431 1036 3494 inter
1052 3430 1136 3494 viros
1155 3451 1191 3493 ac

169 3528 302 3593 feminas
324 3529 485 3614 vulgatam
506 3529 594 3614 gravi
621 3529 745 3593 nomine
771 3528 927 3599 laesarum
947 3525 1132 3611 religionum
1154 3547 1191 3589 ac

169 3623 302 3687 violatae
323 3623 494 3687 maiestatis
512 3624 697 3707 appellando
719 3622 915 3687 elementiam
932 3620 1083 3684 maiorum
1103 3641 1191 3682 suas-

169 3738 230 3800 que
256 3717 323 3801 ipse
349 3718 435 3802 leges
463 3716 688 3802 egrediebatur.
720 3717 777 3782 sed
803 3716 934 3780 aliorum
955 3713 1070 3788 exitus,
1097 3712 1191 3775 simul

170 3819 273 3873 cetera
289 3810 372 3874 illius
390 3811 500 3875 aetatis
518 3812 712 3888 memorabo,
736 3811 763 3874 si
781 3809 900 3873 effectis
922 3807 956 3872 in
973 3828 1053 3890 quae
1074 3807 1205 3870 tetendi·

169 3903 274 3988 plures
293 3905 333 3968 ad
351 3927 441 3970 curas
458 3905 555 3969 vitam
568 3906 756 3990 produxero:
774 3904 818 3969 D.
834 3901 960 3967 Silanus
974 3901 1008 3964 iu
1024 3900 1110 3984 nepti
1122 3898 1191 3963 Au-

169 3998 255 4082 gusti
272 3999 406 4076 adulter,
429 4022 618 4083 quamquam
636 4022 699 4064 non
716 3999 797 4062 ultra
818 3997 898 4061 foret
912 3995 1074 4060 ⁴saevitum
1096 4016 1189 4078 quam

171 4100 204 4154 ut
217 4091 353 4195 amrtffla
366 4091 511 4161 Caesaris
529 4093 752 4178 prohiberem,
772 4091 899 4156 exilium
913 4089 973 4156 sibi
986 4088 1190 4156 demonstrari
