2760 4874
231 385 252 450 8
582 394 765 454 CORNELII
779 396 908 452 TACITI

1144 496 1197 527 an.
1208 489 1253 528 767.

230 554 282 619 hic
299 574 454 630 annonae3
476 575 551 617 mox
573 561 699 617 senatus
721 553 874 638 milesque
891 563 923 619 et
938 554 1083 639 populus.
1105 577 1180 619 uam
1199 555 1255 619 Ti-

230 646 334 713 berius
353 655 465 711 cuncta
481 667 538 731 per
555 646 699 711 consules
717 646 897 732 incipiebat,
921 656 1080 731 tamquam
1096 657 1202 713 vetere
1219 670 1255 713 re

229 740 355 825 publica
373 749 405 803 et
422 737 588 824 ambiguus
606 739 779 825 imperandi
785 765 794 818 ;
816 763 856 804 ne
874 740 1011 805 edictum
1028 741 1167 823 quidem,
1191 763 1255 825 quo

228 842 334 918 patres
351 832 385 896 in
403 831 521 896 curiam
538 832 684 910 vocabat,
706 833 768 898 nisi
785 833 967 898 tribuniciae
983 834 1146 919 potestatis
1164 856 1256 919 prae-

230 927 396 1012 scriptione
409 925 591 1011 posuittsub
604 923 753 1011 Augusto
767 935 928 1012 acceptae3
946 926 1043 992 verba
1056 927 1148 991 edicti
1165 927 1255 993 fuere

228 1041 330 1106 pauca
352 1029 383 1084 et
405 1040 500 1084 sensu
525 1020 737 1104 permodesto:
764 1020 803 1084 de
824 1020 1001 1085 honoribus
1019 1021 1157 1105 parentis
1180 1042 1255 1086 oon·

230 1114 393 1190 sulturum,
411 1134 512 1194 neque
530 1110 698 1177 abscedere
716 1136 736 1177 a
753 1132 891 1199 corpore,
909 1114 1004 1197 idque
1022 1136 1120 1177 unum
1138 1136 1178 1179 ex
1194 1136 1255 1199 pu-

229 1205 318 1272 blicis
336 1205 517 1270 muneribus
536 1227 695 1291 usurpare.
719 1208 775 1271 sed
793 1207 941 1272 defuncto
957 1208 1107 1293 Augusto
1125 1207 1254 1293 signum

228 1300 389 1386 praetoriis
404 1299 582 1363 cohortibus
596 1310 630 1363 ut
643 1300 809 1384 imperator
822 1302 963 1379 dederat3
981 1301 1142 1379 excubiae,
1156 1325 1254 1380 arma,

229 1403 332 1458 cetera
354 1392 458 1469 aulae3
480 1392 570 1456 miles
588 1393 621 1456 in
642 1392 759 1470 forum,
782 1395 872 1459 miles
889 1395 1061 1474 incuriam
1083 1394 1254 1459 comitaba-

228 1497 292 1565 tur;
310 1487 427 1550 litteras
444 1485 487 1550 ad
503 1486 658 1550 exercitus
671 1495 830 1569 tamquam
842 1489 956 1572 adepto
970 1488 1145 1573 principatu
1157 1488 1253 1565 misit,

228 1602 385 1665 nusquam
416 1578 652 1644 cunctabundus
678 1580 740 1644 nisi
766 1602 838 1645 cum
863 1583 897 1644 in
928 1582 1039 1645 senatu
1063 1581 1253 1664 loqueretur.

228 1696 324 1738 causa
345 1673 513 1758 praecipua
535 1694 575 1736 ex
597 1672 775 1752 formidine,
799 1697 838 1738 ne
862 1673 1082 1751 Germanicus,
1106 1675 1140 1738 in
1163 1674 1253 1739 cuius

228 1791 325 1832 manu
341 1775 387 1831 tot
403 1766 553 1852 legiones,
571 1766 725 1832 immensa
738 1768 893 1833 sociorum
910 1768 1036 1846 auxilia,
1053 1769 1150 1832 mirus
1169 1769 1255 1853 apud

228 1861 379 1946 populum
393 1859 492 1937 favor,
511 1859 626 1924 habere
639 1861 804 1946 imperium
821 1884 916 1945 quam
935 1874 1115 1947 exspectare
1132 1862 1240 1925 mallet
1245 1886 1254 1939 ;

230 1953 326 2019 dabat
343 1962 374 2018 et
391 1952 504 2030 famae,
523 1962 558 2017 ut
574 1966 704 2019 vocatus
723 1955 902 2038 electusque
918 1955 1023 2040 potius
1041 1977 1061 2019 a
1076 1977 1110 2018 re
1128 1953 1256 2040 publica

229 2049 386 2113 videretur
403 2070 498 2131 quam
514 2069 571 2132 per
587 2048 730 2112 uxorium
749 2049 901 2114 ambitum
922 2058 954 2113 et
976 2049 1066 2113 senili
1088 2049 1255 2135 adoptione

229 2142 412 2228 inrepsisse:
433 2151 544 2227 postea
566 2142 726 2227 cognitum
747 2152 795 2208 est
816 2145 857 2208 ad
879 2142 1137 2229 introspiciendas
1160 2143 1253 2207 etiam

228 2257 392 2321 procerum
415 2235 590 2300 voluntates
612 2236 772 2300 inductam
794 2236 1035 2317 dubitationem3
1056 2260 1130 2302 uam
1146 2235 1254 2314 verba,

229 2329 335 2395 vultus
352 2330 386 2394 in
404 2330 522 2394 crimen
539 2331 727 2414 detorquens
744 2329 941 2396 recondebat

194 2442 211 2491 8
292 2422 378 2488 Nihil
397 2424 499 2508 primo
521 2433 648 2490 senatus
670 2424 720 2489 die
743 2425 795 2511 agi
815 2447 929 2511 passus
945 2424 1016 2498 ,nisi
1038 2424 1078 2488 de
1100 2423 1254 2509 supremis

228 2515 379 2603 Augusti,
398 2517 486 2583 cuius
505 2526 734 2595 testamentum,
753 2519 884 2582 inlatum
900 2540 957 2604 per
973 2518 1111 2603 virgines
1125 2516 1254 2594 Vestae,

229 2611 391 2677 Tiberium
408 2621 440 2675 et
452 2612 580 2676 Liviam
593 2611 723 2677 heredes
737 2611 859 2677 hahuit:
877 2613 973 2676 Livia
990 2612 1023 2675 in
1036 2611 1187 2676 familiam
1200 2611 1256 2675 Iu-

227 2703 305 2775 hum
324 2724 500 2788 nomenque
517 2702 700 2789 Augustum
723 2697 959 2783 adsumebatur;
981 2706 1014 2769 in
1032 2727 1121 2790 spem
1143 2727 1256 2769 secun-

229 2796 304 2861 dam
314 2806 445 2881 nepotes
458 2807 716 2882 pronepotesque,
736 2799 826 2863 tertio
839 2799 939 2884 gradu
955 2799 1106 2883 primores
1121 2798 1255 2862 civitatis

230 2890 409 2975 scripserat,
431 2891 597 2976 plerosque
619 2891 738 2956 invisos
756 2891 830 2969 sibi,
855 2893 911 2956 sed
927 2893 1072 2957 iactantia
1093 2891 1256 2977 gloriaque

230 2985 271 3055 ad
290 2993 448 3071 poster0s5
470 2985 575 3071 legata
595 3008 659 3049 non
680 2985 761 3050 ultre
778 2986 902 3050 civilem
923 2986 1065 3063 modum,
1088 2985 1149 3049 nisi
1170 2985 1256 3068 quod

229 3078 346 3165 populo
368 3087 400 3143 et
420 3078 505 3164 plebi
526 3081 778 3166 quadringenties
802 3081 905 3146 tricies
927 3081 1108 3169 quinquies,
1132 3089 1257 3165 praeto-

229 3172 346 3237 riarum
363 3172 535 3236 cohortium
553 3173 702 3241 militibus
721 3170 845 3260 singula
862 3197 1025 3239 nummum
1043 3173 1138 3251 milia,
1156 3172 1256 3258 legio-

229 3265 325 3331 nariis
338 3275 393 3330 aut
407 3266 585 3345 cohortibus
600 3267 714 3331 civium
727 3267 941 3332 Romanorum
955 3276 1095 3332 trecenos
1108 3287 1255 3331 nummos

122 3444 125 3449 Ι
230 3359 346 3424 viritim
375 3360 470 3424 dedit
506 3369 586 3424 tum>
600 3361 808 3426 consultatum
834 3362 873 3425 de
902 3360 1072 3426 honoribus
1078 3385 1087 3438 3
1119 3382 1159 3424 ex
1183 3359 1255 3443 quis

55 3492 58 3501 ·
105 3448 123 3499 ἵ
230 3455 365 3519 maxime
379 3455 518 3541 insignes
532 3456 600 3533 visi,
619 3466 655 3520 ut
670 3466 760 3541 porta
773 3456 952 3541 triumphali
968 3456 1132 3520 duceretur
1148 3454 1256 3532 funus,
1358 3522 1361 3528 ,

233 3546 344 3615 Gallus
362 3547 511 3627 AsiniuS,
533 3558 569 3613 ut
586 3548 691 3634 legum
714 3549 847 3613 latarum
868 3549 964 3626 tituli,
986 3549 1138 3614 victarum
1160 3546 1200 3612 ab
1219 3570 1257 3612 eo

231 3643 371 3729 gentium
394 3642 547 3727 vocabula
572 3642 812 3719 anteferrentur,
838 3644 880 3707 L.
898 3641 1069 3707 Arruntius
1096 3662 1256 3706 censuere.

232 3735 367 3801 addebat
389 3736 529 3801 Messala
551 3735 696 3801 Valerius
718 3737 933 3801 renovandum
954 3757 1011 3821 per
1032 3756 1131 3799 annos
1154 3754 1259 3798 secra-
1366 3798 1368 3802 .

231 3839 371 3893 mentum
388 3830 420 3893 in
438 3853 552 3895 nomen
566 3828 684 3894 Tiberii
689 3855 698 3908 3
716 3831 985 3916 interrogatusque
1003 3853 1023 3893 a
1036 3827 1163 3892 Tiberio
1180 3849 1259 3890 num

233 3944 267 3987 se
285 3924 452 3987 mandante
470 3947 539 3988 eam
558 3924 744 3991 sententiam
765 3924 983 4008 prompsisset,
1012 3930 1121 4006 sponte
1138 3920 1259 3985 dixisse
1279 3997 1281 4000 Α

232 4015 400 4102 respondit,
419 4039 521 4101 neque
538 4019 572 4081 in
588 4018 626 4082 iis
644 4019 784 4102 quae‘ad
800 4039 867 4082 rem
883 4015 1041 4101 publicam
1058 4013 1257 4099 pertinerent,

233 4109 361 4174 consilio
379 4110 440 4176 nisi
458 4134 515 4176 suo
534 4135 673 4190 usurum,
692 4112 742 4176 vel
760 4134 830 4176 cum
848 4109 985 4196 periculo
1004 4108 1201 4173 offensionis:
1220 4129 1259 4172 ea
