2760 4874
231 393 295 496 '278
585 433 911 494 cossNuLnTAmTt

1153 535 1173 565 a.
1184 528 1260 566 uela

231 610 318 664 tuam
336 593 583 683 magnitudinem
601 591 696 670 iacet,
720 592 777 657 scd
794 591 871 656 mihi
892 590 1060 669 incumbit,
1084 592 1165 657 mihi
1188 594 1262 658 sub-

231 692 421 758 veniendum
443 699 500 754 est.
527 687 685 771 quomodo
706 686 740 749 in
762 685 872 750 militia
889 694 943 749 aut
959 685 1012 749 via
1032 684 1142 750 fessus
1161 688 1262 751 admi-

231 785 371 851 niculum
388 805 523 859 orarem,
546 782 589 845 ita
605 780 639 844 in
655 781 716 846 hoe
737 780 846 844 itinere
867 779 950 844 vitae
972 801 1070 845 senex
1088 789 1121 845 et
1137 780 1261 846 levissi-

231 880 292 944 mis
318 900 443 962 quoque
465 877 549 941 curis
572 875 676 960 inpar,
699 896 772 939 cum
794 895 871 959 opes
893 895 981 938 meas
1002 873 1086 938 ultra
1104 874 1260 939 sustinere

230 996 294 1038 non
311 972 445 1058 possim,
468 969 660 1056 praesidium
676 978 764 1055 peto:
786 967 860 1033 iube
876 977 1095 1053 procuratores
1114 977 1187 1033 tuos
1206 968 1261 1031 ad-

231 1067 403 1131 ministrare
420 1065 453 1128 in
470 1075 556 1129 tuam
573 1063 730 1128 fortunam
747 1073 883 1148 reoepta.
904 1083 963 1126 neo
976 1083 1028 1147 me
1044 1061 1078 1125 in
1091 1071 1260 1147 pauperta-

231 1171 295 1226 tem
312 1161 380 1246 ipse
398 1160 571 1236 detrudam,
591 1159 647 1222 sed
665 1156 785 1223 traditis
799 1178 933 1249 quorum
949 1155 1074 1242 fulgore
1091 1155 1261 1241 praestrin-

230 1277 297 1341 gor,
316 1255 402 1338 quod
415 1252 564 1339 temperis
578 1254 737 1317 hortorum
755 1260 810 1316 aut
822 1250 966 1316 villarum
979 1271 1073 1314 curae
1088 1249 1259 1335 seponitur,

230 1349 264 1412 in
281 1348 420 1412 animum
438 1345 602 1412 revocabo.
626 1354 768 1431 superest
785 1343 843 1410 ubi
855 1343 959 1421 robur,
978 1353 1009 1409 et
1027 1352 1073 1408 tot
1089 1365 1148 1429 per
1161 1364 1260 1408 annos

230 1441 335 1509 visum
353 1441 473 1527 fastigii
490 1441 646 1527 regimen:
663 1460 835 1525 possumus
853 1439 991 1504 seniores
1009 1438 1104 1503 amici
1121 1437 1260 1522 quietem

230 1558 399 1620 reposcere.
435 1535 496 1599 hoc
522 1556 647 1619 quoque
674 1533 707 1597 in
733 1542 819 1597 tuam
844 1532 978 1620 gloriam
1003 1532 1109 1609 cedet,
1137 1554 1193 1598 eos
1220 1532 1261 1597 ad

233 1651 356 1693 summa
372 1628 497 1693 vexisse
515 1629 569 1712 qui
587 1638 618 1692 et
635 1628 758 1692 modica
775 1626 969 1692 tolerarent.“

181 1743 213 1790 55
294 1721 348 1785 Ad
366 1743 446 1804 quae
463 1721 547 1786 Nero
567 1722 612 1786 sie
629 1722 728 1787 ferme
746 1721 920 1807 respondit:

297 1814 412 1896 ,Quod
426 1815 594 1880 meditatae
609 1816 740 1881 orationi
753 1826 825 1880 tuae
840 1808 946 1880 statim
958 1837 1132 1893 occurram,
1150 1815 1185 1880 id
1197 1815 1261 1902 pri-

232 1932 319 1973 mum
337 1908 382 1972 tui
400 1909 538 1973 muneris
556 1909 667 1986 babae,
686 1910 740 1993 qui
753 1932 803 1974 me
821 1932 884 1974 non
901 1919 1021 1974 tantum
1038 1909 1186 1994 praevisa
1204 1909 1260 1973 sed

233 2002 337 2067 subita
358 2003 504 2088 expedire
527 2004 670 2073 docuisti.
698 2006 818 2068 abavus
840 2025 931 2068 meus
952 2001 1122 2090 Augustus
1139 2000 1259 2089 Agrip-

232 2119 292 2181 pae
310 2106 341 2160 et
358 2095 536 2161 Maecenati
558 2119 708 2182 usurpare
732 2097 830 2161 otium
851 2106 924 2182 pest
944 2095 1068 2161 labores
1091 2096 1258 2172 concessit,
1294 2182 1300 2189 .

233 2189 345 2253 sedin
367 2212 404 2254 ea
421 2190 487 2275 ipse
508 2200 623 2268 aetate,
647 2190 736 2254 cuius
759 2189 927 2254 auctoritas
949 2197 1088 2254 tueretur
1104 2188 1260 2273 quidquid

232 2282 363 2346 illudet
380 2284 607 2366 qualecumque
629 2283 805 2361 tribuissem
828 2305 865 2348 ao
887 2294 992 2348 tamen
1012 2292 1158 2348 neutrum
1177 2281 1258 2346 datis

118 2401 122 2412 ·
233 2399 252 2439 a
274 2398 308 2440 se
330 2376 477 2460 praemiis
499 2378 599 2441 exuit:
622 2376 704 2441 bello
727 2386 758 2442 et
779 2376 927 2462 periculis
949 2386 1141 2454 meruerant;
1162 2376 1198 2440 in
1219 2376 1258 2451 iis

233 2469 317 2532 enim
339 2469 466 2534 iuventa
486 2469 627 2556 Augusti
649 2480 773 2535 versata
794 2480 851 2534 est.
878 2493 937 2535 nec
960 2470 1037 2534 mihi
1058 2469 1174 2534 tela'et
1193 2493 1259 2533 ma-

232 2585 292 2625 nus
315 2572 386 2628 tuae
409 2563 583 2628 defuissent
604 2565 637 2628 in
658 2564 754 2628 annis
776 2563 895 2650 agenti:
924 2565 980 2628 sed
1001 2564 1086 2648 quod
1106 2586 1257 2650 praesens

233 2656 373 2720 condicio
391 2657 554 2741 poscebat,
572 2658 705 2736 ratione,
724 2658 869 2735 consilio,
888 2658 1062 2744 praeceptis
1080 2658 1257 2745 pueritiam,

233 2749 306 2812 dein
323 2750 481 2813 iuventam
499 2774 602 2816 meam
619 2751 736 2817 fom'sti.
764 2762 794 2815 et
811 2762 865 2816 tua
882 2752 1009 2835 quidem
1026 2774 1103 2841 erga
1120 2774 1172 2815 me
1189 2775 1259 2815 mu-

232 2864 317 2917 nera,
336 2843 412 2905 dum
429 2843 494 2906 vita
511 2855 665 2929 suppetet,
684 2855 810 2909 aeterna
823 2856 926 2910 erunt:
944 2868 1025 2929 quae
1042 2869 1062 2910 a
1079 2867 1130 2910 me
1148 2845 1257 2922 habes,

233 2934 316 2997 horti
338 2943 369 3023 et
390 2935 502 2998 faenus
526 2947 557 3000 et
578 2938 684 3014 villae,
712 2938 839 3003 casibus
861 2938 997 3004 obnoxia
1015 2948 1100 3018 sunt3
1127 2961 1165 3004 ac
1187 2938 1276 3004 licetv

234 3028 333 3091 multa
345 3027 516 3106 videantur,
535 3030 675 3115 plerique
693 3032 936 3117 haudquaquam
949 3033 1066 3097 artibus
1085 3033 1148 3096 tuis
1166 3055 1258 3119 parea

233 3123 325 3208 plura
341 3131 520 3201 tenuerunt,
543 3124 605 3187 nisi
626 3125 707 3190 forte
729 3136 783 3191 aut
803 3136 834 3190 te
852 3126 979 3191 Vitellio
997 3135 1044 3190 ter
1065 3127 1260 3191 consuliaut

234 3239 285 3280 me
304 3215 438 3280 Claudio
459 3218 637 3303 postponis;
661 3230 691 3284 et
713 3228 864 3304 quantum
887 3219 1020 3284 Volusio
1042 3219 1137 3305 longa
1159 3221 1259 3305 parsi-

234 3312 340 3375 monia
357 3311 520 3393 quaesivit,
540 3323 659 3377 tantum
677 3314 711 3377 in
727 3324 758 3378 te
777 3337 848 3378 mea
864 3313 1033 3378 hberalitas
1052 3314 1179 3398 explere
1196 3336 1259 3377 non

234 3415 346 3491 potest.
376 3406 474 3489 pudet
494 3407 612 3471 referre
635 3407 811 3485 libertinos,
838 3407 892 3491 qui
915 3408 1041 3472 ditiores
1065 3416 1258 3491 spectantum

234 3501 318 3563 unde
336 3499 429 3563 etiam
446 3498 552 3564 rubori
570 3500 647 3564 mihi
665 3511 712 3565 est
730 3502 814 3584 quod
831 3501 1018 3586 praecipuus
1037 3500 1163 3564 caritate
1181 3523 1260 3565 non-

81 3625 87 3635 ·
185 3616 217 3663 56
235 3595 311 3658 dum
330 3616 438 3658 omnes
456 3594 582 3659 fortuna
600 3595 768 3659 antecellis.
796 3617 906 3659 verum
924 3605 955 3659 et
972 3595 1029 3659 tibi
1049 3594 1155 3658 valida
1173 3604 1258 3659 aetas

235 3688 391 3773 rebusque
409 3698 439 3752 et
456 3688 571 3753 fructui
587 3711 692 3753 rerum
706 3688 876 3766 sufficiens,
895 3698 926 3753 et
942 3711 1000 3753 nos
1018 3688 1119 3773 prima
1136 3688 1259 3773 imperii

237 3783 337 3867 spatia
349 3782 554 3868 ingredimur:
569 3782 653 3865 quin,
670 3782 696 3845 si
705 3805 767 3866 qua
776 3782 808 3845 in
817 3792 904 3867 parte
913 3782 1068 3847 lubricum
1078 3781 1259 3845 adolescen-

235 3877 295 3940 tiae
304 3886 428 3941 nostrae
437 3877 580 3954 declinat,
594 3898 723 3940 revocas
733 3886 937 3959 amatumque
950 3875 1046 3940 robur
1055 3872 1199 3939 subsidio
1212 3875 1259 3937 in-

234 3969 363 4052 pensius
377 3970 480 4055 regis?
497 3994 560 4034 non
576 3979 631 4033 tua
648 3969 828 4046 moderatio,
848 3970 875 4032 si
891 3968 1063 4032 reddideris
1080 3967 1257 4052 pecuniam,

235 4083 293 4124 neo
310 4063 409 4144 quies,
429 4063 456 4125 si
472 4064 634 4147 reliqueris
652 4063 833 4149 principem,
853 4063 910 4127 sed
927 4085 997 4126 mea
1011 4061 1150 4137 avaritia,
1168 4083 1258 4125 meae

235 4153 423 4218 crudelitatis
434 4166 535 4220 metus
544 4159 578 4221 in
586 4180 638 4222 ore
648 4157 975 4222 omniumversabitur.
990 4155 1112 4241 quodsi
1122 4156 1257 4220 maxime
