2760 4874
224 387 288 453 312
571 393 757 453 CORNELII
770 392 902 449 'rhem

220 556 366 643 plectitur
382 576 526 630 uxorem,
555 563 585 616 et
607 552 769 638 paululum
796 551 946 616 adversus
967 484 1257 636 paesenteriiuliigss

222 663 330 716 tunam
344 648 481 713 mollitus
499 658 590 734 rogat
608 657 737 731 oratque
755 656 928 731 temperare
945 645 1046 710 dolori
1063 656 1255 710 neve-aeter-

221 768 297 810 num
316 743 497 827 susciperet,
525 743 581 807 sed
598 742 632 805 in
649 740 910 825 contemplatione
927 740 1010 804 vitae
1027 761 1087 824 per
1102 739 1254 804 virtutem

221 848 309 904 actae
319 836 507 902 desiderium
515 835 617 900 mariti
627 834 747 899 solatiis
757 834 897 898 honestis
907 833 1061 898 toleraret
1079 833 1136 897 illa
1144 843 1254 898 eontra

222 933 282 998 sibi
300 953 423 1015 quoque
437 930 624 994 destinatam
641 938 773 994 mortem
791 929 956 993 adseverat
971 949 1166 1011 manumque
1182 950 1254 1012 per-

222 1026 359 1092 cussoris
378 1024 528 1109 exposcit
554 1035 622 1087 tum
643 1021 766 1088 Seneca
783 1023 901 1110 gloriae
919 1023 986 1086 eius
1004 1044 1069 1086 non
1086 1023 1251 1098 adversus,

212 1121 316 1195 ,simul
333 1141 452 1197 amore,
476 1140 514 1182 ne
533 1118 593 1183 sibi
616 1118 708 1182 unice
726 1117 872 1181 dilectam
890 1118 930 1181 ad
947 1116 1076 1182 iniurias
1094 1116 1254 1199 relinque-

221 1226 282 1292 ret,
315 1215 437 1294 „vitae“
464 1212 565 1295 inquit
593 1212 822 1292 „delenimenta
843 1220 1091 1276 monstraveram
1113 1210 1186 1287 tibi,
1219 1219 1254 1273 tu

221 1309 330 1375 mortis
344 1309 441 1372 decus
458 1307 573 1370 mavis:
592 1329 656 1371 non
672 1306 819 1372 invidebo
837 1306 995 1391 exemplo;
1015 1305 1056 1370 sit
1073 1305 1169 1369 huius
1188 1314 1253 1368 tam

221 1402 311 1468 fortis
338 1402 440 1466 exitus
467 1401 643 1466 constantia
667 1422 764 1485 penes
786 1410 936 1484 utrosque
958 1422 1028 1484 par,
1056 1398 1253 1463 claritudinis

221 1497 293 1582 plus
311 1497 344 1560 in
362 1505 416 1560 tuo
434 1495 526 1559 fine.“
545 1504 618 1580 post
634 1517 715 1577 quae
734 1495 844 1559 eodem
866 1494 931 1558 ictu
945 1492 1077 1579 brachia
1094 1492 1180 1557 ferro
1198 1515 1254 1556 ex-

223 1591 358 1656 solvunt.
387 1587 524 1665 Seneca,
551 1589 698 1671 quoniam
726 1589 823 1654 senile
850 1611 962 1672 corpus
989 1597 1020 1652 et
1045 1609 1143 1672 pareo
1166 1587 1254 1651 victu

223 1696 384 1750 tenuatum
407 1683 491 1747 lenta
514 1682 632 1769 effugia
655 1684 800 1768 sangnini
817 1683 1000 1768 praebebat,
1028 1705 1157 1746 crurum
1176 1704 1253 1764 quo-

222 1801 283 1864 que
310 1788 341 1842 et
366 1777 518 1862 poplitum
544 1799 642 1841 venas
668 1777 840 1863 abrumpit,
868 1777 1033 1860 saevisque
1059 1776 1252 1841 cruciatibus

223 1873 381 1948 defessus,
404 1893 444 1935 ne
461 1870 567 1935 dolore
587 1893 644 1936 suo
668 1871 806 1935 animum
825 1871 932 1936 uxoris
954 1870 1139 1956 infringeret
1157 1861 1254 1954 atque

222 1969 291 2054 ipsc
312 1966 443 2030 visendo
467 1966 533 2031 eius
560 1975 714 2030 tormenta
736 1966 777 2030 ad
802 1964 1016 2050 inpatientiam
1043 1964 1252 2041 delaberetur,

224 2063 334 2128 suadet
351 2060 384 2125 in
402 2061 487 2125 aliud
504 2060 683 2125 cubiculum
697 2060 875 2125 abscedere.
894 2069 926 2124 et
938 2059 1111 2125 novissimo
1126 2081 1254 2144 quoque

223 2166 381 2222 momento
408 2155 626 2240 suppeditante
652 2155 829 2238 eloquentia
858 2153 1018 2219 advocatis
1045 2153 1253 2239 scriptoribus

222 2253 371 2338 pleraque
390 2250 529 2327 tradidit,
552 2272 633 2333 quae
655 2250 688 2314 in
705 2249 819 2335 vulgus
838 2250 922 2314 edita
939 2249 1006 2313 eius
1024 2248 1130 2314 verbis
1148 2249 1255 2313 inver-

224 2361 288 2411 tere
307 2345 506 2431 supersedeo.

174 2464 205 2510 64
287 2439 334 2503 At
346 2439 430 2504 Nero
447 2438 533 2502 nullo
551 2439 583 2502 in
597 2438 762 2503 Paulinam
780 2439 906 2524 proprio
924 2439 1006 2516 odio,
1025 2460 1062 2503 ac
1079 2461 1120 2502 ne
1138 2437 1254 2523 glisec-
1361 2450 1364 2457 ’

223 2545 271 2598 ret
288 2534 405 2597 invidia
422 2533 622 2610 crudelitatis,
641 2535 720 2597 iubet
738 2532 870 2597 inhiberi
889 2542 1030 2596 mortem.
1054 2531 1252 2596 hortantibus

223 2628 374 2693 militibus
399 2629 480 2692 servi
502 2626 665 2711 libertique
688 2627 828 2713 obligant
849 2627 998 2704 brachia,
1013 2636 1162 2711 premunt
1181 2650 1254 2689 san-

224 2724 361 2808 guinem,
381 2723 532 2785 incertum
551 2745 590 2785 an
609 2723 735 2807 ignarae
741 2747 750 2799 3
768 2745 851 2799 nam,
870 2731 905 2785 ut
923 2732 970 2786 est
983 2722 1097 2807 vulgus
1113 2722 1153 2785 ad
1167 2721 1254 2784 dete-

224 2818 306 2880 riora
323 2827 516 2899 promptum,
541 2840 605 2880 non
623 2817 750 2881 defuere
768 2818 823 2901 qui
840 2818 1015 2894 crederent,
1034 2817 1135 2881 donec
1152 2816 1253 2900 inpla-

226 2908 358 2972 cabilem
379 2909 536 2972 Neronem
560 2910 709 2986 timuerit,
737 2911 855 2975 famam
879 2912 1015 2976 sociatae
1041 2934 1114 2975 cum
1141 2910 1253 2973 marito

224 3002 333 3067 mortis
360 3001 522 3086 petivisse,
549 3001 662 3066 deinde
685 3002 789 3068 oblata
811 3005 933 3069 mitiore
956 3027 1011 3089 spe
1029 3004 1251 3069 blandimentis

225 3096 308 3161 vitae
327 3097 473 3173 evictam3
492 3096 543 3160 cui
560 3097 680 3161 addidit
697 3120 814 3182 paucos
833 3109 943 3184 postea
960 3121 1073 3175 annos,
1100 3097 1253 3162 laudabili

226 3192 259 3256 in
276 3192 422 3255 maritum
440 3191 589 3255 memoria
611 3201 642 3255 et
659 3214 712 3256 ore
735 3215 772 3256 ac
790 3193 937 3257 membris
956 3193 988 3256 in
1011 3215 1083 3259 eum
1100 3191 1253 3276 pallorem

226 3286 417 3362 albentibus,
440 3295 475 3350 ut
497 3287 633 3351 ostentui
655 3296 739 3351 esset
756 3288 888 3351 multum
907 3287 1009 3351 vitalis
1033 3286 1160 3370 spiritus
1179 3307 1254 3370 ege-

228 3392 320 3446 stum.
341 3379 462 3446 Seneca
479 3381 616 3459 interim,
645 3383 775 3446 durante
798 3392 898 3447 tractu
921 3392 952 3447 et
969 3381 1153 3446 lentitudine
1171 3403 1254 3444 mor-

227 3477 276 3551 tis,
298 3472 434 3539 Statium
451 3474 629 3552 Annaeum,
653 3476 707 3540 diu
726 3476 785 3540 sibi
803 3477 956 3541 amicitiae
974 3477 1035 3540 fide
1054 3485 1086 3540 et
1103 3484 1169 3539 arte
1187 3497 1255 3539 me-

227 3570 348 3633 dicinae
365 3568 543 3653 probatum,
572 3579 652 3646 orat,
678 3571 839 3655 provisum
857 3570 977 3656 pridem
995 3592 1167 3646 venenum,
1190 3591 1254 3652 quo

228 3664 366 3727 damnati
378 3662 505 3749 publico
514 3663 755 3729 Atheniensium
769 3666 883 3730 iudicio
898 3667 1163 3752 extinguerentur,
1181 3687 1256 3749 pro-

162 3835 169 3846 ·
228 3766 339 3833 meret,
367 3756 567 3840 adlatumque
585 3758 689 3824 hausit
711 3760 840 3836 frustra,
867 3760 1000 3847 frigidm
1023 3760 1087 3823 iam
1114 3767 1201 3823 artus
1225 3768 1256 3822 et

228 3851 316 3914 cluso
338 3873 466 3935 corpore
493 3852 659 3919 adversum
684 3853 749 3917 vim
771 3854 900 3918 venenis
920 3863 1079 3939 postremo
1106 3862 1257 3938 stagnum

231 3945 349 4008 calidae
368 3968 467 4029 aquae
484 3947 615 4024 introiit,
638 3970 823 4033 respergens
841 3950 999 4034 proximos
1018 3970 1183 4012 servorum
1202 3947 1258 4011 ad·

230 4038 299 4100 dita'
313 4061 402 4114 voce,
430 4040 527 4104 libare
546 4064 580 4106 se
601 4041 753 4124 liquorem
775 4041 862 4106 illum
880 4043 949 4108 Iovi
971 4041 1138 4107 liberatori.
1172 4042 1258 4106 exim

229 4130 341 4195 balneo
359 4132 473 4198 inlatus
492 4144 523 4198 et
540 4158 655 4221 vapore
669 4136 736 4202 eius
751 4137 955 4216 exanimatus,
975 4137 1041 4203 sine
1056 4135 1121 4201 ullo
1135 4135 1257 4201 funeris
