2760 4874
405 396 612 454 ANNALIUM
630 397 703 451 LIB.
718 397 769 452 XI.
783 399 906 454 “ra-27.
1103 387 1165 451 193

139 502 161 540 p.
172 489 213 529 cu.
223 490 255 527 rs.

138 558 292 622 maiorum
306 565 338 619 et
349 556 390 619 L.
400 555 518 620 Brutus
532 555 687 618 minorum
700 557 841 641 gentium
854 557 1095 642 appellaverant,
1111 569 1165 622 e'x-

137 652 259 716 haustis
278 650 371 713 etiam
385 672 463 732 quas
477 649 610 713 dictator
623 648 743 714 Caesar
756 651 826 737 lege
837 650 955 716 Cassia
971 661 1003 716 et
1019 653 1164 738 princeps

137 746 305 830 Augustus
318 744 389 829 lege
404 741 519 809 Saenia
532 743 870 829 sublegererlaetaque
883 745 960 810 haec
973 746 1007 809 in
1022 768 1098 824 rem·
1107 768 1165 831 pu-

138 838 254 902 blicam
277 837 384 901 munia
405 836 503 900 multo
525 837 641 922 gaudio
667 838 812 902 censoris*
826 838 993 902 inibantur.
1024 839 1164 904 famosos

137 930 259 1017 probris
278 953 414 1014 quonam
432 930 524 994 modo
543 939 653 994 senatu
675 931 843 1015 depelleret
860 932 986 1010 anxius,
998 932 1117 997 'mitem
1134 943 1166 996 et

136 1047 246 1089 recens
255 1034 409 1109 repertam
418 1045 511 1106 quam
522 1046 561 1087 cx
571 1024 734 1088 severitate
742 1025 845 1109 prisea
853 1026 1004 1090 rationem
1013 1025 1163 1103 adhibuit,

137 1120 304 1196 monendo,
331 1141 437 1182 seeum
450 1119 582 1201 quisque
600 1118 640 1182 de
661 1141 695 1182 se
713 1120 901 1184 consultaret
917 1129 1098 1205 peteretque
1114 1120 1168 1186 ius

137 1213 273 1278 exuendi
291 1212 421 1289 ordinis3
440 1212 565 1275 facilem
583 1211 649 1276 eius
663 1212 712 1276 ¹rei
729 1212 866 1291 veniam,
886 1223 917 1278 et
933 1223 1035 1278 motos
1054 1223 1165 1279 senatu

137 1317 366 1391 excusatosque
380 1306 472 1370 simul
485 1306 725 1391 propositurum,
739 1316 774 1370 ut
786 1306 935 1371 iudicium
950 1330 1115 1376 censorum
1128 1330 1165 1372 ac

136 1403 240 1487 pudor
252 1411 361 1486 sponte
375 1400 551 1464 cedentium
564 1401 709 1485 permixti
722 1401 925 1487 ignominiam
937 1401 1101 1467 mollirent.
1124 1401 1165 1466 ob

137 1519 176 1560 ca
193 1494 494 1580 Vipstanusconsul
515 1494 633 1558 rettulit
653 1505 775 1579 patrem
793 1505 920 1560 senatus
939 1495 1165 1580 appellandum

138 1612 209 1654 esse
232 1589 414 1654 Claudium:
442 1589 560 1673 quippe
579 1588 771 1673 promiscum
791 1589 888 1674 patris
910 1590 1028 1673 patriae
1049 1610 1166 1674 cogno

136 1677 292 1760 mentum3
315 1706 399 1747 nova
414 1682 447 1746 iu
464 1705 531 1746 rem
547 1682 706 1767 publicam
723 1683 834 1747 merita
850 1705 913 1748 non
930 1683 1053 1748 usitatis
1071 1705 1165 1747 voca-

136 1778 221 1843 bulis
242 1778 438 1854 honoranda3
465 1778 522 1842 sed
543 1777 611 1862 ipse
635 1777 774 1842 cohibuit
796 1778 957 1842 consulem
978 1786 1013 1840 ut
1034 1777 1165 1841 nimium
1251 1834 1254 1836 ,

137 1873 369 1949 adsentantem3
388 1870 588 1954 condiditque
605 1871 747 1948 lustrum,
766 1893 829 1954 quo
847 1893 942 1936 censa
960 1880 1033 1935 sunt
1050 1871 1165 1935 civium

137 1966 488 2051 quinquagintanovem
502 1974 633 2029 centena
645 1965 803 2051 octoginta
811 1972 957 2048 quattuor
964 1964 1050 2028 milia
1060 1973 1165 2048 septu-

137 2060 246 2146 aginta
258 2061 330 2123 duo.
352 2060 443 2143 isque
456 2059 501 2122 illi
514 2058 585 2124 finis
599 2059 739 2132 inscitiae
753 2059 828 2144 erg'a
841 2060 970 2123 domum
983 2081 1073 2122 suam
1090 2057 1163 2120 fuit:

137 2154 224 2218 haud
241 2146 337 2217 multo
355 2164 428 2237 post
445 2153 563 2239 flagitia
579 2153 686 2217 uxoris
700 2174 829 2217 noscere
847 2175 884 2217 ac
900 2152 1010 2237 punire
1024 2151 1163 2229 adactus,

139 2257 174 2312 ut
192 2248 304 2311 deinde
322 2249 497 2313 ardesceret
514 2248 546 2310 in
564 2247 688 2331 nuptias
705 2247 851 2311 incestas.
1135 2302 1136 2306 ,

203 2341 273 2405 Iam
281 2341 455 2406 Messalina
463 2340 611 2405 facilitate
620 2340 842 2405 adulteriorum
850 2340 883 2406 in
891 2339 1053 2404 fastidium
1061 2360 1162 2415 versa,
1182 2360 1214 2407 26

137 2435 179 2500 ad
197 2435 372 2521 incognitas
389 2435 534 2500 libidines
552 2434 740 2520 profluebat,
762 2457 835 2499 cum
858 2434 1008 2519 abrumpi
1019 2433 1165 2498 dissimu-

137 2528 285 2593 lationem
307 2529 401 2592 etiam
424 2526 536 2606 Silius,
560 2528 626 2593 sive
648 2528 736 2592 fatali
757 2528 916 2606 vecordia,
939 2527 1165 2591 riu-imminen-

137 2623 218 2687 tium
234 2622 444 2708 periculorum
455 2623 628 2687 remedium
640 2623 710 2708 ipsa
726 2623 865 2708 pericula
890 2632 990 2700 ratus,
1018 2621 1163 2706 urgebat:

137 2716 255 2801 quippe
269 2739 335 2785 ,non
354 2738 391 2781 eo
413 2725 541 2780 ventum
558 2726 593 2780 ut
612 2726 769 2782 senectam
790 2716 939 2802 principis
957 2715 1164 2801 opperiretur3

137 2811 313 2875 insontibus
331 2811 459 2876 innoxia
476 2811 619 2888 consilia,
642 2811 768 2897 flagitiis
791 2809 966 2874 manifestis
989 2808 1164 2893 subsidium

138 2905 180 2970 ab
201 2905 333 2978 audacia
353 2905 536 2990 petendum3
564 2905 675 2969 adesse
692 2905 839 2970 conscios
861 2904 950 2989 paria
975 2911 1164 2980 metuentes,

139 3021 175 3063 se
193 2998 356 3075 caelibem,
380 2995 508 3075 orbum,
527 2999 644 3083 nuptiis
663 3008 694 3063 et
716 2999 894 3083 adoptando
911 2997 1092 3062 Britannico
1109 3017 1166 3081 pa-

137 3102 254 3170 ratum;
277 3115 466 3156 mansuram*
479 3093 610 3156 eandem
632 3091 823 3157 Messalinae
845 3091 1031 3176 potentiam,
1048 3090 1164 3157 addita

139 3186 314 3263 securitate,
334 3186 361 3250 si
373 3185 590 3270 praevenirent
604 3185 782 3262 Claudium,
800 3194 836 3248 ut
852 3184 973 3248 insidiis
992 3178 1162 3258 incautum,

137 3282 183 3344 ita
200 3280 264 3343 irae
276 3301 452 3364 properum.
476 3279 613 3365 segniter
630 3301 685 3343 eae
698 3300 792 3343 voces
806 3286 961 3362 acceptae,
979 3299 1043 3341 nou
1060 3297 1164 3340 amore

137 3375 173 3439 in
189 3374 343 3451 maritum,
363 3375 419 3438 sed
436 3397 475 3438 nc
495 3372 591 3439 Silius
610 3369 733 3438 summa
744 3373 881 3456 adeptus
901 3378 1060 3456 sperneret
1077 3367 1165 3433 adul-

137 3479 238 3533 teram
251 3467 415 3552 scelusque
433 3468 513 3533 inter
526 3468 673 3554 ancipitia
684 3466 851 3552 probatum
868 3466 951 3530 veris
964 3487 1039 3529 mox
1056 3462 1163 3550 pretiis

137 3563 330 3629 aestimaret:
348 3584 463 3626 nomen
477 3572 581 3627 tamen
593 3558 782 3626 matrimonii
795 3559 972 3644 concupivit
984 3557 1025 3623 ob
1043 3556 1164 3642 magni-

138 3656 279 3720 tudinem
291 3654 448 3734 infamiae,
468 3657 557 3721 cuius
571 3657 655 3741 apud
668 3655 817 3741 prodigos
831 3653 1003 3718 novissima
1019 3650 1163 3735 voluptas

137 3759 196 3816 est.
223 3773 282 3815 nec
299 3752 380 3816 u'ltra
398 3761 561 3837 expectato
581 3773 678 3834 quam
695 3751 771 3814 dum
790 3748 932 3813 sacrificii
950 3746 1050 3833 gratia
1069 3744 1165 3811 Clau-

136 3846 209 3909 dius
234 3842 360 3910 Ostiam
381 3846 642 3930 proficisceretur,
669 3853 781 3909 cuncta
801 3842 979 3926 nuptiarum
1002 3839 1165 3904 sollemnia

137 3933 284 4005 celebrat.
466 3950 470 3954 ’
694 3964 696 3968 ·

202 4033 302 4098 Haud
324 4058 394 4099 sum
415 4036 544 4121 ignarus
567 4033 747 4098 fabulosum
769 4031 872 4095 visum
889 4031 927 4095 iri
949 4037 1069 4094 tantum
1091 4027 1163 4093 ullis
1182 4049 1211 4096 27

136 4128 317 4193 mortalium
339 4129 513 4194 securitatis
535 4129 633 4194 fuisse
654 4125 834 4191 incivitate
857 4125 995 4190 omnium
1018 4146 1117 4210 gnara
1134 4132 1164 4187 ct
1264 4163 1268 4169 ‹

192 4244 264 4290 raetis
275 4246 316 4289 vot.
327 4245 344 4288 1.
453 4249 455 4254 ·
587 4284 590 4293 ,
956 4233 993 4290 13
1060 4237 1063 4243 ’
