2760 4874
257 396 317 460 162
600 393 932 459 conunnnrxcmr
1170 470 1173 478 .

1115 501 1129 530 ι
1146 501 1168 530 u.
1178 491 1226 531 ¹185.
1237 492 1283 531 786.

255 577 336 630 teras
356 563 488 639 Caesar,
511 560 633 626 modice
651 558 809 623 tribunum
831 558 1009 642 increpans,
1032 558 1179 644 ignarum
1201 560 1285 623 anti-

254 660 308 743 qui
325 658 420 722 moris
439 655 479 721 ob
496 656 671 719 iuventam:
691 650 785 718 Gallo
803 651 1012 736 exprobrabat
1028 652 1114 736 qnod
1132 652 1284 718 scientiae

255 751 573 832 caerimoniarumque
591 756 681 812 vetus
703 746 822 811 incerto
840 754 980 822 auctore,
1004 755 1075 811 ante
1094 747 1285 820 sententiam

255 845 387 930 collegii,
406 865 479 920 non,
496 851 533 905 ut
550 840 680 917 adsolet,
698 839 779 904 lecto
796 860 854 925 per
870 839 1039 924 magistros
1053 839 1284 924 aestimatoque
1349 907 1351 910 ,

255 939 406 1014 carmine,
425 935 510 1022 apud
526 934 755 1018 infrequentem
773 941 916 998 senatum
934 933 1061 1019 egisset.
1084 933 1180 998 simul
1197 955 1285 998 oom-

255 1030 431 1107 monefecit,
450 1030 524 1113 quia
541 1027 640 1092 multa
656 1050 738 1093 vana
755 1026 814 1092 sub
832 1026 958 1092 nomine
975 1026 1090 1093 celebri
1107 1026 1285 1114 vulgaban-

256 1137 320 1203 tur,
339 1125 482 1192 sanxisse
499 1123 697 1210 Augustum,
721 1144 816 1206 quem
836 1123 918 1187 intra
940 1122 1025 1187 diem
1047 1124 1088 1188 ad
1103 1134 1285 1209 praetorem

256 1220 411 1286 urbanum
419 1219 622 1295 deferrentur,
636 1237 737 1300 neque
746 1216 861 1282 habere
870 1217 1016 1302 privatim
1029 1217 1145 1282 liceret.
1165 1219 1285 1301 quoda

255 1313 425 1379 maioribus
435 1334 559 1396 quoque
568 1312 727 1376 decretum
736 1320 803 1375 erat
811 1321 883 1395 post
893 1320 1039 1376 exustum
1050 1309 1174 1398 [sociali
1183 1310 1283 1398 bello]

257 1406 462 1492 Capitolium,
485 1406 635 1488 quaesitis
654 1403 765 1482 Samo,
788 1403 862 1483 Ilio,
880 1404 1040 1491 Erythris,
1063 1427 1120 1490 per
1135 1403 1284 1471 Africam

256 1502 349 1567 etiam
368 1521 406 1565 ac
420 1497 561 1565 Siciliam
579 1508 611 1563 et
623 1498 749 1564 Italicas
768 1498 906 1564 colonias
924 1498 1114 1565 carminibus
1128 1497 1283 1586 Sibyllae,

257 1618 319 1659 una
337 1616 394 1659 seu
410 1593 516 1679 plures
533 1592 631 1669 fuere,
650 1593 787 1676 datoque
797 1592 1013 1658 sacerdotibus
1026 1593 1164 1680 negotio,
1183 1615 1285 1678 quan-

256 1698 323 1752 tum
340 1688 478 1751 humana
495 1708 554 1772 ope
571 1686 761 1773 potuissent,
779 1707 855 1751 vera
872 1687 1056 1752 discernere.
1087 1687 1190 1774 ‘igitur
1207 1697 1284 1754 tunc

256 1802 380 1865 quoque
397 1780 516 1844 notioni
533 1779 840 1864 quindecimvirum
831 1803 859 1845 1s
876 1779 956 1846 liber
973 1779 1133 1847 subicitur

207 1887 237 1934 19
319 1874 426 1938 Isdem
444 1873 625 1939 consulibus
647 1874 800 1959 gravime
822 1896 964 1939 annonae
985 1874 1074 1940 iuxta
1095 1875 1285 1941 seditionem

201 1953 243 2001 ‘¹³'
256 1978 398 2046 ventum,
421 1966 581 2052 multaque
599 1977 630 2032 et
647 1967 752 2053 plures
775 1989 832 2053 per
853 1968 952 2033 dies
942 1992 976 2033 ιιι
997 1968 1118 2034 theatro
1131 1969 1284 2036 licentius

256 2061 427 2147 efflagitata
436 2083 531 2145 quam
545 2062 672 2126 solitum
683 2061 872 2125 adversum
863 2070 1091 2146 1mperatorem.
1110 2062 1182 2146 quis
1196 2086 1285 2129 com·

256 2164 360 2241 motus
377 2155 533 2220 incusavit
555 2155 757 2241 magistratus
779 2163 947 2240 patresque
964 2152 1050 2238 q'uod
1070 2156 1285 2242 nonpubliea

256 2248 438 2314 auctoritate
464 2247 616 2333 populum
643 2247 868 2326 coercuissent,
896 2249 1077 2332 addiditque
1098 2250 1216 2334 quibus
1244 2274 1284 2316 ex

255 2342 423 2428 provinciis
442 2351 474 2406 et
490 2351 607 2426 quanto
624 2343 774 2406 maiorem
790 2363 887 2425 quam
895 2342 1063 2429 Augustus
1080 2344 1126 2408 rei
1142 2343 1285 2409 smmen-

256 2435 353 2501 tariae
371 2435 495 2520 copiam
516 2435 704 2500 advectaret.
734 2435 780 2500 ita
801 2436 1002 2522 castigandae
1023 2437 1109 2522 plebi
1126 2439 1285 2524 composi-

256 2541 323 2595 tum
346 2540 474 2595 senatus
496 2529 674 2595 consultum
694 2531 798 2615 prisca
819 2532 996 2609 severitate,
1028 2555 1130 2616 neque
1153 2535 1284 2620 segnius

257 2625 401 2690 consules
419 2625 555 2689 edixere.
586 2624 746 2689 silentium
762 2624 863 2710 ipsius
880 2647 944 2690 uon
961 2626 1067 2704 civile,
1090 2636 1126 2691 ut
1143 2628 1285 2693 credide-

257 2727 314 2794 rat,
333 2716 416 2780 sed
407 2740 439 2780 ιιι
458 2716 637 2801 superbiam
655 2717 875 2802 accipiebatur.
933 2742 935 2751 ·

208 2820 241 2866 ιο
322 2810 401 2873 Fine
419 2810 492 2873 anni
511 2807 690 2888 Geminius,
711 2810 839 2890 Celsus,
865 2812 1050 2899 Pompeius,
1078 2814 1165 2898 equit
1165 2837 1200 2880 es
1152 2816 1285 2881 tRo-

203 2886 223 2934 (¹
225 2884 357 2978 4'mani
389 2903 529 2967 cecidere
552 2903 772 2970 coniurationis
795 2907 937 2985 crimine3
965 2929 1005 2972 ex
1026 2908 1096 2991 quis
1116 2906 1284 2974 Geminius

258 2995 453 3082 prodigentia
475 3018 571 3081 opum
592 3018 629 3060 ac
651 2998 781 3064 mollitia
798 3001 880 3064 vitae
904 3002 1023 3066 amicus
1047 3000 1179 3080 Seiano,
1206 3003 1286 3067 nibil

259 3091 300 3155 ad
322 3089 446 3155 serium.
478 3101 510 3155 et
531 3088 631 3155 Iulius
651 3089 765 3157 Celsus
792 3092 966 3158 tribunus
957 3118 990 3158 ιιι
1012 3095 1123 3159 vinclis
1144 3051 1285 3161 laixatam

259 3193 400 3249 catenam
417 3193 450 3248 et
471 3184 695 3250 circumdatam
716 3187 749 3250 in
766 3187 926 3252 diversum
948 3189 1079 3254 tendens
1102 3212 1194 3255 suam
1215 3191 1285 3277 ipse

260 3279 413 3344 cervicem
429 3279 594 3365 perfregit.
613 3289 646 3344 at
662 3279 783 3346 Rubrio
799 3280 935 3359 Fabato,
959 3291 1126 3366 tamquam·
1137 3283 1286 3369 despera-

259 3375 299 3439 tis
317 3373 412 3438 rebus
429 3373 581 3438 Romanis
604 3371 794 3438 Parthorum
819 3375 861 3440 ad
882 3375 1285 3463 misericordiamafugeret,

259 3467 406 3532 custodes
424 3468 535 3532 additi:
555 3489 630 3532 sane
647 3468 675 3532 is
692 3479 833 3554 repertus
852 3469 936 3555 apud
957 3470 1072 3534 fretum
1091 3467 1219 3535 Siciliae
1237 3493 1288 3536 re·

260 3564 439 3643 tractusque
456 3582 513 3645 per
535 3561 746 3626 centurionem
764 3562 866 3627 nullas
888 3562 1067 3647 probabiles
1086 3584 1199 3628 causas
1217 3563 1288 3628 lon-

260 3655 395 3764 gipquae
417 3654 594 3740 peregrinat
582 3655 675 3719 tionis
699 3655 874 3735 adferebat3
900 3657 1016 3721 mansit
1038 3665 1143 3721 tamen
1152 3647 1288 3726 incolu-

254 3749 329 3825 mis,
349 3747 505 3812 oblivione
523 3748 624 3833 magis
642 3771 736 3832 quam
755 3705 897 3814 clemerit
876 3759 927 3814 t.1a

206 3852 248 3964 (il
326 3838 398 3905 Snn.
418 3837 543 3918 Grani,
570 3843 611 3906 L.
632 3840 735 3908 Suum
758 3843 939 3908 consulibus
963 3844 1017 3908 diu
1038 3845 1181 3928 quaesito
1205 3867 1286 3929 quos

206 3918 410 4042 (¹⁵'neptibus
426 3934 491 3999 suis
509 3935 587 3999 mari
588 3946 636 4000 tos
588 3936 828 4001 tdestinaret
847 3937 979 4014 Caesar,
1002 3947 1170 4023 postquam
1188 3939 1288 4004 insta·

260 4025 361 4090 bat
331 4027 489 4113 virginum
506 4037 602 4106 aetas,
620 4029 662 4093 L.
683 4028 840 4108 Cassium,
859 4030 907 4095 M.
925 4030 1085 4097 Vinicium
1103 4031 1192 4118 legit.
1170 4031 1288 4097 tVi·

261 4119 342 4184 nicio
360 4120 551 4210 oppidanum
573 4143 687 4207 genus:
715 4122 846 4191 Calibus
869 4135 969 4204 ortus,
996 4135 1085 4212 patre
1107 4135 1203 4210 atque
1225 4148 1288 4192 avo
