2760 4874
228 428 269 493 76
575 435 758 495 CORNELII
771 432 902 491 TACITI

1140 537 1160 565 Ι.
1171 537 1192 566 u.
1203 530 1249 567 772.

224 621 311 664 arma
329 596 544 682 oppositurum
558 617 649 680 qaam
662 593 716 676 qui
733 593 828 679 legati
842 593 1058 659 auctoritatem
1076 602 1107 658 et
1123 595 1250 680 propria

224 692 370 756 mandata
383 687 554 775 acceperit?
572 688 809 773 relinquendum
823 688 916 752 etiam
933 687 1110 753 rumoribus
1124 699 1249 776 tempus

223 808 286 870 quo
305 793 483 861 senescant3
505 783 688 868 plerumque
705 782 885 846 innocentes
904 783 1021 848 recenti
1037 782 1173 849 invidiae
1190 784 1250 848 im-

222 903 328 966 pares:
356 889 387 943 at
410 878 437 943 si
459 887 563 943 teneat
580 877 764 954 exercitum,
788 887 904 962 augeat
925 877 1021 955 vires,
1047 879 1146 944 multa
1166 901 1249 962 quae

222 974 378 1060 provideri
391 971 598 1057 nonpossint,
616 970 744 1036 fortuito
757 971 790 1035 in
807 971 919 1036 melius
938 995 1058 1038 casura.
1083 997 1142 1053 „an
1160 974 1249 1039 festi-

221 1091 334 1135 namus
356 1091 428 1133 cum
446 1064 628 1132 Germanici
649 1065 805 1131 cineribus
828 1066 998 1152 adpellere,
1022 1078 1057 1132 ut
1079 1077 1110 1132 te
1127 1070 1249 1134 inaudi-

222 1171 338 1228 tumet
359 1161 558 1227 indefensum
575 1160 719 1245 planctus
738 1159 933 1247 Agrippinae
956 1184 993 1226 ao
1018 1159 1132 1248 vulgus
1150 1162 1249 1248 impe-

221 1257 315 1320 ritum
327 1256 427 1342 primo
441 1276 565 1319 rumore
578 1254 718 1339 rapiant?
736 1265 784 1320 est
798 1254 854 1319 tibi
867 1253 1033 1342 Augustae
1048 1255 1247 1334 conscientia,

221 1360 269 1416 est
285 1348 431 1415 Caesada
448 1348 547 1425 favor,
567 1349 624 1414 sed
640 1348 673 1411 in
687 1348 824 1426 occult03
843 1358 875 1414 et
890 1349 1010 1435 perisse
1025 1346 1248 1415 Germanicum

220 1444 298 1508 nulli
314 1442 479 1508 iactantius
498 1451 638 1507 maerent
648 1464 753 1525 quam·
767 1443 821 1525 qui
839 1443 974 1507 maxime
992 1443 1176 1508 laetantur.“

171 1558 202 1607 78
284 1537 382 1603 Haud
400 1561 515 1624 magna
532 1536 614 1602 mole
631 1536 722 1613 Piso,
745 1546 908 1623 promptus
930 1537 1102 1616 ferocibus,
1126 1539 1159 1602 in
1177 1561 1248 1605 sen-

220 1633 348 1698 tentiam
365 1632 509 1710 trahitur,
533 1631 700 1715 missisque
722 1632 763 1695 ad
780 1631 942 1697 Tiberium
960 1632 1101 1718 epistulis
1123 1633 1248 1698 incusat

220 1725 445 1793 Germanicum
466 1725 559 1790 luxus
582 1733 614 1790 et
632 1725 811 1811 superbiae;
835 1748 931 1810 seque
953 1726 1080 1812 pulsum
1101 1735 1137 1791 ut
1157 1726 1246 1792 loeus

219 1819 314 1895 rebus
336 1821 427 1886 novis
453 1818 627 1908 patefieret,
655 1841 762 1883 curam
785 1821 939 1885 exercitus
966 1821 1075 1885 eadem
1101 1819 1163 1888 fide
1184 1842 1248 1904 qua

220 1914 353 1979 tenuerit
366 1913 558 2002 repetivisse.
582 1912 675 1977 simul
688 1912 1049 2000 Domitiuminpositum
1066 1914 1192 1979 triremi
1201 1914 1247 1978 vi-

220 2017 285 2072 tare
303 2007 428 2072 litorum
446 2025 534 2072 oram
550 2015 734 2092 praeterque
751 2006 870 2089 insulas
889 2007 952 2073 lato
970 2007 1049 2072 mari
1065 2030 1196 2094 pergere
1214 2008 1246 2072 in

221 2099 347 2187 Syriam
360 2101 461 2180 iubet3
480 2110 697 2166 concurrentes
712 2101 886 2166 desertores
903 2124 960 2188 per
974 2102 1153 2188 ‚manipulos
1172 2124 1246 2168 con-

218 2197 315 2282 ponit,
331 2206 430 2261 armat
438 2196 519 2269 lixas
529 2195 727 2278 traiectisque
741 2196 774 2260 in
783 2196 992 2261 continentem
1004 2196 1137 2262 navibus
1147 2197 1246 2261 vexil-

217 2291 283 2356 lum
309 2292 444 2356 tironum
465 2290 499 2356 in
522 2286 647 2376 Syriam
669 2291 809 2356 euntium
830 2292 999 2377 intercipit,
1025 2292 1143 2378 regulis
1167 2290 1245 2356 Cili-

218 2407 291 2450 cum
308 2393 343 2450 ut
361 2408 395 2451 se
413 2385 536 2450 auxiliis
554 2385 697 2450 iuvarent
714 2384 846 2463 scribit,
857 2382 943 2450 haud
964 2387 1078 2472 ignavo
1096 2385 1137 2450 ad
1154 2386 1246 2449 mini·

219 2480 313 2545 steria
325 2479 400 2546 belli
413 2480 525 2545 iuvene
534 2478 662 2558 Pisone,
676 2501 867 2564 quamquam
881 2478 1114 2565 suscipiendum
1126 2478 1243 2545 bellum

217 2574 388 2640 abnuisset.
462 2656 464 2661 .
942 2585 944 2588 ’
1164 2625 1168 2629 .

168 2687 199 2735 ⁷9
281 2667 384 2754 Igitur
405 2691 492 2734 oram
509 2668 630 2754 Lyciae
653 2692 690 2734 ac
707 2668 913 2755 Pamphyliae
934 2669 1164 2755 praelegentes,
1182 2667 1245 2733 ›ob-

217 2761 276 2826 viis
294 2761 427 2829 navibus
446 2784 527 2845 quae
544 2760 755 2848 Agrippinam
772 2762 937 2840 vehebant,
956 2764 1111 2847 utrimque
1128 2762 1245 2826 infensi

217 2874 306 2919 arma
325 2855 425 2940 primo
453 2854 632 2938 expediere3
659 2856 732 2920 dein
753 2865 862 2921 mutua
887 2855 1138 2921 formidinenon
1164 2855 1245 2920 ultra

217 2948 355 3034 iurgium
376 2971 558 3034 processum
581 2958 643 3026 est,
666 2948 864 3035 Marsusque⁴
879 2949 992 3016 Vibius
1014 2949 1169 3014 nuntiavit
1190 2948 1245 3014 Pi-

217 3042 287 3108 soni
307 3042 442 3107 Romam
464 3043 506 3106 ad
532 3043 697 3108 dicendam
723 3066 851 3110 causam
877 3045 1008 3109 veniret:
1035 3044 1086 3108 ille
1113 3044 1243 3110 eludens

215 3137 376 3222 respondit
394 3136 588 3215 adfuturum,
611 3137 666 3202 ubi
682 3148 820 3223 praetor,
843 3139 898 3223 qui
915 3140 955 3203 de
972 3138 1129 3204 veneficiis
1148 3161 1245 3223 quae-

212 3240 384 3312 'reret,‚reo
402 3241 494 3314 atque
512 3232 746 3298 accusatoribus
764 3233 848 3297 diem
864 3233 1063 3319 prodixisset.

264 3325 411 3414 ‘'Interim
429 3325 589 3391 Domitius
607 3327 803 3405 Laodiciam,
821 3327 932 3392 urbem
951 3326 1071 3412 Syriae,
1091 3326 1242 3413 adpulsus

217 3420 288 3486 cum
310 3420 441 3486 hiberna
463 3431 569 3486 sextae
592 3421 724 3508 legionis
747 3431 881 3507 peteret,
907 3423 993 3506 quod
1015 3445 1085 3487 eam
1106 3421 1243 3486 maxime
1332 3430 1335 3436 '

217 3516 305 3581 novis
322 3516 465 3581 consiliis
487 3517 632 3581 idoneam
653 3516 793 3594 rebatur,
811 3541 840 3582 ,a
860 3516 1001 3583 Pacuvio
1022 3516 1126 3603 legato
1152 3540 1243 3602 prae-

216 3611 347 3699 venitur.
370 3610 403 3675 id
423 3609 550 3676 Sentius
564 3610 674 3676 Pisoni
691 3633 747 3696 per
763 3611 882 3676 litteras
901 3613 999 3696 aperit
1016 3621 1184 3694 monetque
1201 3633 1243 3676 ne

216 3715 318 3770 castra
335 3705 581 3790 corruptoribus,
603 3729 643 3771 ne
664 3706 857 3792 provinciam
875 3706 957 3789 bello
980 3714 1127 3792 temptet
1146 3728 1243 3790 quos-

215 3819 276 3882 que
291 3797 469 3864 Germauici
483 3822 636 3866 memores
654 3810 708 3864 aut
724 3801 858 3866 inimicis
877 3800 944 3887 eius
958 3802 1106 3890 adversos
1124 3822 1242 3886 cogno-

216 3903 318 3970 verat,
342 3893 509 3972 contrahit,
532 3894 778 3980 magnitudinem
795 3895 989 3980 imperatoris
1007 3895 1177 3960 identidem
1194 3895 1242 3959 in-

215 4008 327 4072 gerens
346 3995 377 4050 et
393 4008 460 4050 rem
478 3986 635 4072 publicam
652 3988 745 4053 armis
763 3988 841 4073 peti;
860 3989 1007 4072 ducitque
1020 3987 1156 4053 validam
1174 4011 1242 4052 ma-

216 4103 292 4166 num
309 4089 340 4144 et
357 4079 475 4165 proelio
492 4091 643 4166 paratam.
662 4155 666 4159 ,

165 4193 210 4242 80,
279 4173 345 4239 Nec
363 4172 456 4253 Piso,
483 4172 675 4260 quamquam·
695 4186 806 4263 coepta
828 4199 919 4243 secus
942 4176 1107 4254 cadebant,
1135 4175 1240 4241 omisit
