2760 4874
1101 66 1148 179 ¹1

701 270 744 331 θ

473 336 823 442 insanissimas.
841 387 927 441 a-s.
1021 459 1030 468 ί
1147 376 1226 442 153·

185 488 207 527 p.
218 476 258 517 cn.
269 478 301 515 aa.

185 543 285 608 audiri
301 543 364 606 iam
383 550 413 605 et
430 541 493 626 legi
510 563 607 605 novas
626 542 794 618 contiones,
806 565 895 607 nova
911 552 1035 628 patrum
1053 545 1207 633 consulta3

184 637 260 722 quid
273 635 427 718 reliquum
440 635 500 698 nisi
513 644 548 697 ut
561 645 705 719 caperent
719 635 836 699 ferrum
850 646 889 713 et,
907 659 1038 719 quorum
1056 639 1207 724 imagines

184 753 241 817 pro
253 730 376 795 vexillis
390 729 490 793 secuti
502 729 612 804 forent,
632 729 727 793 duces
741 729 1004 814 imperatoresque
1018 731 1208 818 deligerent?

183 825 278 911 igitur
294 822 416 887 Caesar
436 821 574 906 repetitis
597 821 763 896 adversum
781 832 928 908 nepotem
950 834 981 888 et
1001 847 1115 888 nurum
1136 848 1241 910 pro-5

183 918 248 983 bris
266 917 477 1001 increpitaque
499 937 555 1000 per
573 915 709 979 edictum
726 915 831 1000 plebe,
855 926 984 999 questus
1002 919 1087 1003 apud
1103 929 1207 1003 patros

183 1011 269 1095 quod
294 1009 404 1073 fraude
429 1008 522 1072 unius
549 1010 700 1073 senatoris
726 1010 924 1095 imperatoria
948 1010 1094 1075 maiestas
1121 1011 1208 1077 elusa

183 1103 307 1190 publice
329 1103 424 1180 foret,
450 1103 572 1188 integra
594 1112 700 1166 tamen
726 1102 786 1167 sibi
808 1112 920 1167 cuncta
940 1098 1118 1189 postulavit.
1149 1128 1208 1170 nec

184 1198 265 1262 ultra
282 1196 487 1261 deliberatum
505 1196 694 1279 quominus
716 1220 780 1262 non
797 1191 925 1281 quidem
946 1200 1089 1263 extrema
1101 1200 1207 1265 decer-

183 1301 292 1356 nerent
308 1328 351 1338 -
368 1291 402 1355 id
419 1291 502 1354 enim
520 1290 649 1354 vetitum
668 1329 709 1339 -
728 1291 788 1355 sed·
806 1301 931 1375 paratos
950 1293 992 1358 ad
1008 1292 1158 1358 ultionem
1175 1296 1221 1359 vi.
1306 1380 1308 1384 ι

183 1385 331 1471 principis
349 1385 493 1470 impediri
511 1393 706 1448 testarentur.
717 1381 850 1482 ****J'*

504 1661 718 1719 CORNELII
730 1657 891 1717 'TAGITI

352 1802 1040 1908 ANNALIUM

435 1984 484 2032 AB
504 1980 673 2033 EXCESSU
692 1983 773 2031 DIVI
791 1981 958 2034 AUGUSTI

527 2136 662 2192 LlBER
681 2137 865 2194 SEXTUS.

583 2261 585 2264 v
603 2295 785 2334 BREVIARIUM.

233 2378 335 2432 Mance
353 2375 419 2431 libri
436 2376 516 2431 initio
532 2376 711 2430 continentur
728 2383 874 2446 postrema
891 2376 958 2432 anni
972 2377 1022 2433 784
1035 2382 1112 2432 acta:
1137 2376 1205 2447 Gap.

182 2455 265 2509 1-4.
280 2457 378 2526 (vulgo
387 2455 423 2524 V,
433 2455 521 2526 6-9)
536 2454 659 2509 saevitur
676 2455 705 2508 in
719 2454 814 2510 Seiani
827 2455 934 2511 amicos
943 2462 973 2511 et
985 2457 1101 2511 liberos.
1119 2456 1144 2511 5.
1155 2458 1204 2526 (V,

181 2532 225 2601 10)
238 2549 333 2586 rumor
350 2548 416 2586 acer
428 2531 518 2601 magis
533 2547 617 2601 quarn
631 2531 780 2589 diuturnus
795 2532 830 2587 de
843 2531 944 2587 iuvene
959 2533 1095 2603 quodam,
1111 2533 1160 2603 qui
1175 2551 1205 2586 se

179 2609 317 2677 Drusum,
333 2607 494 2664 Germanici
504 2607 721 2662 filiumferebat.
740 2608 764 2661 6.
781 2608 828 2677 (V,
839 2609 885 2677 11)
901 2608 1044 2663 discordia
1053 2610 1206 2662 consulum

181 2685 362 2740 suffectorum
374 2686 408 2739 L.
421 2685 544 2739 Fulcinii
557 2685 685 2754 Trionis,
700 2686 732 2740 P.
747 2686 870 2740 Memmii
884 2686 996 2757 Reguli.
1014 2687 1038 2740 7.
1049 2687 1086 2754 (V
1086 2687 1110 2756 Ι,
1121 2688 1148 2756 1)
1159 2687 1205 2743 Ti,-

179 2762 250 2816 berii
264 2762 367 2817 foedae
380 2761 520 2816 libidines.
543 2763 568 2816 8.
579 2762 617 2834 (2)
628 2762 657 2816 in
672 2761 766 2818 Seiani
781 2768 810 2818 et
823 2764 923 2818 Liviae
937 2756 1099 2834 memoriam
1118 2763 1206 2819 saevi-
1248 2782 1253 2787 ·

179 2844 233 2893 tur.
252 2838 377 2908 Togonii
391 2838 582 2893 adulationem
594 2839 727 2909 princeps
742 2839 847 2908 irridet·
870 2841 895 2894 9.
907 2840 945 2912 (3)
962 2839 1102 2896 Gallionis
1116 2839 1205 2895 incre·
1227 2879 1230 2890 .

179 2921 231 2986 pat
239 2915 361 2987 etpunit.
371 2911 560 2970 Paconianus.
580 2916 620 2969 10.
632 2916 808 2988 (4)Latiaris.
819 2916 1206 2972 dissidiumconsulumsedat

179 2993 326 3049 Maximus.
345 2993 386 3046 11.
396 2991 435 3064 (5)
451 2991 534 3047 Cotta
549 2993 719 3077 Messalinus
735 2999 894 3049 accusatus.
912 2995 953 3048 12.
964 2994 1003 3067 (6)
1018 2993 1125 3048 Tiberii
1138 3010 1204 3048 con-

180 3068 276 3138 fessio,
286 3075 470 3140 tyrannorum
481 3070 593 3124 occulta
600 3071 747 3140 supplicia.
762 3072 802 3125 13.
809 3071 848 3144 (7)
858 3064 1045 3139 Caecilianus,
1056 3069 1204 3139 Servaeus,

180 3146 316 3200 Thermus
326 3146 458 3200 damnati.
475 3147 631 3201 delationes
642 3147 766 3202 crebrae.
785 3147 826 3200 14.
837 3147 878 3201 15.
885 3147 920 3220 (8.
926 3148 954 3219 9)
965 3146 1161 3200 M.Terentius
1168 3147 1204 3200 ob
1292 3157 1296 3162 ·

181 3221 275 3276 Seiani
288 3222 439 3276 amicitiam
454 3228 604 3277 accusatus
618 3223 732 3294 egregie
743 3229 772 3277 et
784 3223 873 3278 libere
884 3241 914 3278 se
928 3222 1056 3277 defendit
1069 3227 1098 3276 et
1111 3222 1205 3276 absol·

180 3298 262 3352 uitur.
278 3299 407 3356 Vistilius
418 3316 448 3354 se
457 3300 598 3354 interimit.
616 3301 712 3369 plures
722 3301 874 3357 acervatim
883 3299 1017 3354 accusati.

231 3376 272 3429 16.
282 3376 337 3448 (10)
347 3377 380 3431 L.
394 3376 507 3431 Pisonis
520 3375 664 3446 pontificis
678 3394 754 3431 mors
771 3382 800 3432 et
813 3377 906 3432 funus.
928 3377 969 3430 17.
980 3375 1036 3446 (11)
1045 3375 1203 3444 praefectu-

178 3469 227 3506 rae
232 3452 310 3507 urbis
321 3453 400 3522 origo
411 3459 619 3523 etprogressus.
638 3454 679 3507 18.
689 3454 745 3525 (12)
752 3454 791 3516 de
802 3451 948 3523 Sibyllinis
959 3451 1128 3506 carminibus
1139 3467 1204 3504 con-

180 3529 303 3583 sultatio.
325 3530 366 3584 19.
381 3529 437 3602 (13)
452 3531 553 3585 seditio
567 3531 674 3585 Romae
690 3531 726 3585 ob
746 3530 912 3600 gravitatem
929 3544 1058 3584 annonae
1073 3528 1203 3582 coercita·

178 3605 220 3660 20.
230 3604 285 3678 (14)
296 3601 532 3678 equitesRomani
542 3607 743 3662 coniurationis
754 3606 868 3661 crimine
879 3606 991 3660 eadunt.
1148 3669 1154 3684 .

229 3683 271 3736 21.
281 3683 337 3755 (15)
349 3682 510 3738 Germanioi
519 3683 635 3738 filiaeL.
647 3683 745 3738 Cassio
754 3689 786 3738 et
795 3683 832 3736 M.
841 3681 954 3739 Vinicio
963 3683 1084 3735 locatae.
1099 3681 1141 3732 22.
1147 3679 1203 3752 (16)

179 3758 352 3814 feneratores
362 3761 496 3815 accusati.
514 3774 661 3830 repressae
675 3777 787 3815 usurae.
804 3759 846 3826 23.
857 3758 912 3831 (11)
923 3756 1094 3813 liberalitate
1102 3756 1203 3813 Caesa-

178 3835 218 3889 ris
232 3835 303 3891 fides
317 3837 433 3892 refecta.
457 3837 498 3891 24.
508 3839 550 3891 25.
563 3838 670 3910 (18.19)
684 3839 785 3891 iterum
800 3835 995 3891 accusationes
1010 3833 1165 3908 maiestatis
1175 3840 1205 3888 et

138 3944 143 3950 ·
180 3915 275 3968 omhes
286 3915 431 3969 societatis
441 3932 503 3969 cum
514 3914 616 3970 Seiano
628 3915 669 3969 rei
678 3914 778 3968 necati.

229 3990 271 4043 26.
281 3991 337 4062 (20)
352 3990 381 4045 (1.
392 3990 497 4046 Caesar
511 3990 654 4046 Claudiam
669 3991 754 4045 ducit.
777 3989 883 4045 Tiberii
900 3985 1079 4059 praesagium
1094 3988 1128 4041 de
1141 3985 1204 4040 Ser.

181 4065 281 4121 Galba.
299 4069 341 4122 27.
352 4069 408 4140 (21)
418 4086 465 4123 ars
474 4069 630 4124 Chaldaea.
648 4069 828 4139 Thrasyllus.
850 4067 892 4120 28.
902 4065 958 4138 (22)
969 4065 1005 4120 de
1017 4063 1079 4119 sato
1093 4063 1202 4118 dubita-

179 4143 227 4198 tio.
244 4145 286 4200 29.
297 4147 352 4220 (23)
362 4147 476 4202 Asinius
488 4147 589 4203 Gallus
599 4146 667 4202 obit.
690 4163 766 4202 mors
775 4144 863 4201 Drusi
871 4143 1038 4199 miseranda.
1056 4141 1098 4197 30.
1108 4140 1202 4216 (abin

101 4562 316 4743 aa*

312 4794 328 4819 J
