2760 4874
388 405 916 465 ANNAL1UML1B.X111.13-16.
1061 358 1064 363 ⁴
1099 392 1162 458 233

141 511 161 548 p.
173 497 256 538 cums.

140 565 335 651 patefierent,
360 586 435 628 suae
452 564 485 626 in
502 563 609 649 primis
632 562 771 648 nuptiae,
796 585 887 627 suum
908 561 1107 639 veneficium3
1130 562 1163 626 id

141 658 243 722 solum
261 657 319 720 diis
334 666 365 720 et
383 655 442 720 sibi
454 657 614 741 provisum
628 656 711 738 quod
724 657 842 720 viveret
854 656 1031 742 privignus:
1050 655 1162 718 ituram

141 774 213 815 cum
230 751 283 814 illo
300 750 333 813 in
347 758 461 826 castra3
480 750 638 813 audiretur
655 750 728 813 hinc
743 746 922 814 Germanici
939 749 1011 826 filia,
1030 749 1103 812 inde
1120 748 1163 812 oi-

139 845 179 909 lis
197 868 304 909 rursus
323 844 443 907 Burrus
462 852 494 907 et
511 843 583 907 exul
602 841 739 922 Seneca,
759 854 868 909 trunca
885 843 1003 908 scilicet
1019 865 1115 907 manu
1132 852 1164 906 et

139 938 331 1024 professoria
348 937 455 1022 lingua
472 937 596 1021 generis
613 937 741 1000 humani
763 938 902 1023 regimen
919 937 1161 1022 expostulantes.

141 1032 234 1097 simul
242 1031 401 1095 intendere
410 1053 531 1107 manus,
546 1052 694 1115 oggerere
707 1029 830 1114 probra,
845 1039 1057 1096 consecratum
1068 1028 1163 1095 Clau-

140 1127 241 1202 dium,
259 1125 396 1189 infernos
416 1121 593 1188 Silanorum
611 1145 718 1187 manes
736 1124 879 1188 invocare
898 1132 928 1188 et
945 1132 991 1189 tot
1007 1123 1099 1187 inrita
1116 1122 1163 1186 sa-

140 1219 258 1284 einora.

205 1311 363 1376 Turbatus
381 1311 430 1375 his
449 1309 531 1374 Nero
550 1318 580 1373 et
597 1309 771 1395 propinquo
789 1311 848 1388 die,
868 1334 929 1394 quo
948 1319 1091 1394 quartum
1109 1310 1163 1373 de·
1182 1331 1213 1375 ιῑ)

140 1407 257 1471 eimum
279 1405 387 1469 aetatis
411 1426 526 1467 annum
549 1402 748 1467 Britannicus
771 1402 929 1512 explebat,
951 1405 1091 1469 volutare
1115 1424 1163 1467 se-

140 1523 213 1564 cum
234 1498 327 1562 modo
349 1520 400 1560 ma
402 1497 456 1560 tris
479 1496 604 1561 violent
584 1506 672 1573 tram,
696 1497 819 1560 modo
810 1497 909 1581 rpsius
931 1498 1080 1574 indolem,
1105 1498 1164 1560 levi
1253 1488 1259 1495 ’

140 1592 267 1677 quidem
285 1599 477 1674 experimen
478 1612 497 1653 o
514 1592 614 1675 nuper
631 1590 802 1676 cognitam,
821 1612 883 1673 quo
902 1600 1006 1655 tamen
1023 1590 1162 1654 favorem

139 1686 203 1750 late
172 1683 443 1767 tquaesivisset:
418 1683 555 1748 tsestis
576 1642 712 1748 Saturno
735 1683 845 1748 diebus
867 1684 946 1748 inter
968 1685 1028 1748 alia
1049 1705 1163 1766 aequa-

139 1778 218 1842 lium
230 1777 349 1841 ludicra
361 1799 494 1862 regnum
510 1777 583 1840 lusu
597 1777 791 1850 sortientium
808 1788 952 1842 evenerat
970 1800 1007 1842 ea
1021 1799 1147 1845 sorse
1100 1777 1147 1841 Ne
1149 1816 1163 1827 -

138 1872 223 1948 roni;
240 1870 297 1957 igit
300 1893 335 1934 ur
353 1871 462 1934 ceteris
481 1870 605 1934 diversa
621 1892 679 1934 neo
696 1869 841 1935 ruborem
859 1871 1002 1936 allatura:
1022 1870 1076 1935 ubi
1092 1870 1163 1935 Bri-

140 1965 264 2030 tannico
281 1964 373 2029 iussit
391 1973 556 2072 exurgeret
568 1986 815 2049 progressusque
832 1965 865 2053 in
882 1965 1019 2028 medium
1037 1973 1108 2028 eant
1109 1987 1162 2028 um

140 2058 310 2142 aliquem
301 2057 464 2166 inciperet,
492 2057 622 2121 imisum
645 2079 685 2120 ex
711 2079 748 2121 eo
775 2079 902 2141 sperans
929 2057 1017 2166 pueri
1043 2056 1162 2122 sobrios

140 2173 264 2236 quoque
283 2152 404 2216 conviet
405 2174 456 2229 us,
476 2152 592 2215 nedum
610 2151 759 2215 temulent
747 2160 796 2215 tos
813 2151 998 2237 ignorantis,
1020 2151 1072 2216 ille
1090 2173 1163 2215 eon-

141 2255 405 2309 stanterexorsus
424 2253 472 2309 est
494 2267 632 2321 carmen,
656 2268 718 2328 quo
742 2244 899 2309 evolutum
922 2267 994 2310 eum
1016 2245 1089 2308 sede
1106 2266 1163 2329 pa-

140 2339 200 2403 tria
215 2337 371 2422 rebusque
395 2339 524 2403 summis
549 2338 790 2425 significabatur.
817 2340 899 2404 unde
917 2349 985 2404 orta
1006 2339 1162 2403 miseratio

140 2432 346 2509 manifestior,
370 2433 444 2514 quia
461 2433 740 2497 dissimulationem
761 2456 826 2496 nox
843 2444 874 2497 et
890 2433 1019 2499 lascivia
1040 2454 1163 2496 exeme-

139 2536 201 2592 rat:
223 2525 306 2591 Nero
323 2526 480 2590 intellecta
496 2526 613 2590 invidia
630 2526 737 2590 odium
754 2527 898 2603 intendit,
917 2524 1163 2612 urgentibusque
1257 2578 1262 2586 .

139 2617 335 2705 Agrippinae
357 2619 464 2697 minis,
488 2620 698 2703 quianullum
717 2621 834 2684 crimen
851 2642 953 2704 neque
969 2618 1076 2684 iubere
1094 2641 1163 2683 eae-

140 2713 213 2775 dem
229 2712 333 2776 sratris
351 2713 455 2797 palam
473 2712 622 2790 audebat,
646 2714 767 2778 occulta
788 2713 913 2778 molitur
930 2713 1092 2798 pararique
1109 2734 1164 2776 ve-

139 2828 255 2870 nenum
276 2804 377 2883 iubet,
400 2806 542 2871 ministro
559 2806 702 2872 Pollione
720 2807 814 2884 Iulio,
838 2807 1009 2892 praetoriae
1027 2806 1162 2870 cohortis

140 2899 276 2976 tribuno,
300 2900 388 2964 euius
407 2921 482 2964 cura
504 2900 691 2965 attinebatur
709 2903 855 2966 damnata
875 2900 1017 2966 veneficii
1038 2899 1162 2964 nomine

139 2993 290 3069 Locusta,
310 2992 407 3057 multa
421 2994 573 3058 scelerum
591 2995 689 3059 fama:
708 3019 781 3060 nam
798 3004 833 3058 ut
850 2996 1012 3080 proximus
1030 2994 1162 3077 quisque

139 3086 319 3151 Britannico
333 3109 434 3170 neque
452 3088 501 3152 fas
514 3111 616 3172 neque
628 3089 722 3153 fidem
736 3089 826 3174 pensi
843 3088 980 3168 haberet,
1000 3088 1074 3152 olim
1090 3109 1163 3172 pro-

139 3179 243 3244 visum
261 3188 335 3244 erat.
358 3181 493 3265 primum
510 3204 666 3269 venenum
684 3182 723 3247 ab
742 3183 819 3267 ipsis
833 3180 1056 3259 educatoribus
1075 3203 1162 3245 acee-

138 3272 199 3357 pit,
222 3274 415 3357 tramisitque
438 3275 581 3341 exsoluta
602 3276 672 3340 alvo
693 3298 805 3360 parum
826 3275 978 3350 validum,
1001 3273 1067 3337 sive
1085 3281 1163 3336 tem-

138 3377 355 3449 peramentum
372 3368 472 3431 inerat
488 3390 528 3431 ne
547 3369 650 3432 statim
669 3369 815 3445 saeviret;
835 3367 891 3432 sed
902 3367 986 3430 Nero
1003 3365 1078 3430 lenti
1097 3388 1163 3430 see·

138 3457 212 3539 leris
220 3459 374 3544 inpatiens
388 3461 523 3525 minitari
531 3461 663 3538 tribuno,
679 3461 785 3526 iubere
800 3460 986 3547 supplicium
995 3458 1160 3537 veneficae,

138 3553 225 3638 quod
246 3555 321 3618 dum
343 3579 500 3621 rumorem
520 3557 704 3642 respiciunt,
728 3557 804 3619 dum
820 3565 932 3645 parant
953 3554 1160 3631 defensiones,

139 3648 338 3713 securitatem
360 3659 566 3714 morarentur:
592 3650 843 3736 promittentibus
866 3649 938 3713 dein
959 3657 1023 3712 tam
1044 3647 1163 3732 praeci-

137 3743 236 3826 pitem
252 3765 361 3808 necem
379 3765 472 3826 quam
491 3745 518 3809 si
535 3744 617 3808 ferro
635 3753 806 3830 urgeretur,
825 3742 1001 3808 cubiculum
1017 3741 1161 3808 Caesaris

137 3837 226 3900 iuxta
243 3837 425 3921 decoquitur
442 3838 526 3902 virus
545 3838 677 3924 cognitis
696 3846 788 3902 antea
804 3837 932 3903 venenis
949 3837 1101 3922 rapidum.

202 3929 276 3995 Mos
286 3930 459 3996 habebatur
470 3932 645 4019 principum
658 3932 773 3998 liberos
783 3954 854 3996 cum
863 3931 973 3995 ceteris
986 3931 1068 3995 idem
1078 3939 1161 3995 aeta·
1181 3953 1211 4000 16

137 4024 178 4088 tis
196 4025 353 4092 nobilibus
368 4027 510 4094 sedentes
524 4028 609 4091 vesci
626 4028 660 4091 in
677 4036 806 4113 aspectu
820 4027 1061 4112 propinquorum
1089 4048 1161 4112 pro-

136 4118 206 4204 pria
218 4129 250 4184 et
261 4121 401 4206 parciore
414 4143 537 4200 mensa3
551 4121 613 4186 illic
628 4121 771 4206 epulante
785 4120 974 4199 Britannico,
989 4121 1061 4205 quia
1075 4119 1159 4185 eibos
