2760 4874
419 425 626 483 ANNALIUM
646 424 719 478 LIB.
734 425 757 478 I.
777 425 893 479 72—75.
1125 414 1166 478 39

136 531 165 574 vp.
175 519 216 560 cn.
227 520 260 558 15.
1260 484 1297 549 ⁸

143 586 236 652 nibus
263 587 424 650 hortorum
447 594 478 647 et
500 584 650 647 domuum
669 583 831 657 accedant3
858 583 907 645 ius
930 582 1094 647 iurandum
1112 607 1166 668 pe·

142 682 231 747 rinde
249 680 478 746 aestimandum
492 701 586 760 quam
605 678 632 742 si
650 677 758 740 Iovem
777 676 953 739 fefellisset:
972 676 1101 742 deorum
1118 679 1166 742 in-

143 777 238 840 iurias
257 775 306 839 dis
325 796 427 839 curae.

205 869 274 934 Nec
287 868 386 933 multo
398 877 470 952 post
485 864 638 931 Granium
651 864 848 941 Marcellum,
866 874 1040 948 praetorem
1054 864 1165 950 Bithy·
1185 890 1215 934 74

142 964 226 1041 niae,
251 971 398 1047 quaestor
418 961 517 1045 ipsius
537 958 656 1044 Caepio
676 957 842 1043 Crispinus
865 958 1035 1022 maiestatis
1057 972 1166 1044 postu-

142 1057 231 1135 lavit,
260 1055 475 1121 subscribente
496 1055 641 1118 Romano
663 1053 820 1136 Hispone,
848 1052 902 1134 qui
923 1051 1057 1116 formam
1083 1054 1164 1118 vitae

143 1150 209 1214 iniit
222 1173 318 1234 quam
330 1158 440 1234 postea
453 1147 607 1212 celebrem
620 1147 763 1211 miseriae
781 1156 955 1231 temporum
974 1156 1005 1211 et
1017 1146 1165 1212 audaciae

143 1243 305 1308 hominum
323 1244 477 1320 fecerunt;
494 1265 566 1306 nam
586 1263 692 1327 egens,
710 1240 847 1326 ignotus,
865 1235 1001 1322 inquies,
1020 1241 1096 1304 dum
1114 1265 1165 1306 oc·
1233 1317 1237 1321 .

144 1337 234 1402 cultis
257 1336 369 1401 libellis
393 1337 540 1401 saevitiae
561 1335 710 1421 principis
733 1334 866 1418 adrepit,
893 1356 968 1398 mox
993 1333 1165 1401 clarissimo

144 1431 255 1514 cuique
273 1430 446 1515 periculum
463 1430 605 1506 facessit,
628 1429 798 1513 potentiam
824 1429 908 1512 apud
926 1450 1036 1507 unum,
1059 1432 1164 1495 odium

143 1525 228 1610 apud
245 1524 346 1590 omnis
365 1525 496 1608 adeptus
515 1524 601 1588 dedit
618 1524 796 1608 exemplum
814 1526 897 1606 quod
915 1524 1014 1590 secuti
1032 1547 1072 1588 ex
1088 1548 1165 1610 pau-

141 1617 268 1702 peribus
287 1618 409 1695 divites‚
428 1640 468 1682 ex
481 1618 666 1702 contemptis
679 1618 838 1682 metuendi
855 1620 1023 1702 perniciem
1041 1618 1110 1684 aliis
1128 1641 1165 1683 ac

141 1723 334 1797 postremum
353 1711 412 1776 sibi
425 1711 584 1775 invenere.
608 1712 664 1775 sed
681 1710 867 1776 Marcellum
884 1711 1106 1777 insimulabant
1124 1713 1165 1776 si-

141 1808 256 1877 nistros
275 1807 314 1869 de
332 1804 458 1869 Tiberio
478 1826 635 1869 sermones
657 1804 819 1883 habuisse,
842 1806 1019 1871 inevitabile
1038 1806 1163 1883 crimen,

140 1923 212 1965 cum
235 1922 274 1964 ex
300 1898 438 1964 moribus
463 1899 612 1984 principis
638 1899 821 1964 foedissima
846 1922 988 1983 quaeque
1015 1900 1164 1986 deligeret

140 2001 304 2058 accusator
325 1992 554 2076 obiectaretque
576 2015 629 2056 reo
635 2018 643 2070 3
670 2017 743 2056 nam
761 1994 834 2077 quia
856 2017 929 2058 vera
946 2004 1047 2070 erant,
1070 1995 1164 2058 etiam

140 2087 225 2151 dicta
243 2086 457 2151 credebantur.
485 2086 604 2150 addidit
621 2087 726 2172 Hispo
749 2097 883 2152 statuam
905 2087 1048 2176 Marcelli
1071 2088 1162 2152 altius

139 2203 235 2264 quam
255 2179 428 2245 Caesarum
446 2181 552 2257 sitam,
576 2190 606 2245 et
624 2181 685 2245 alia
701 2182 735 2244 in
757 2190 859 2246 statua
880 2191 1040 2266 amputato
1063 2182 1163 2265 capite

139 2273 281 2360 Augusti
298 2274 437 2360 effigiem
450 2274 568 2352 Tiberii
582 2274 726 2338 inditam:
745 2274 785 2338 ad
802 2275 887 2356 quod
904 2275 1020 2338 exarsit
1038 2274 1116 2337 adeo
1129 2282 1164 2336 ut

138 2378 232 2453 rupta
249 2369 456 2432 taciturnitate
473 2368 678 2452 proclamaret
700 2390 733 2432 se
751 2389 876 2450 quoque
897 2367 986 2431 inea
1007 2389 1102 2433 causa
1118 2366 1164 2431 la·

139 2472 244 2536 turum
267 2462 465 2539 sententiam,
488 2462 594 2546 palam
617 2471 647 2526 et
664 2462 813 2538 iuratum,
836 2483 899 2544 quo
921 2461 1032 2524 ceteris
1054 2461 1163 2524 eadem

136 2555 310 2620 necessitas
331 2555 428 2619 fieret.
456 2555 624 2620 manebant
646 2556 739 2620 etiam
761 2565 827 2618 tum
850 2555 983 2640 vestigia
1004 2554 1163 2619 morientis

137 2648 304 2725 libertatis3
331 2649 427 2734 igitur
445 2648 504 2713 Cn.
531 2649 608 2715 Piso
636 2655 746 2732 „quo“
773 2649 874 2732 inquit
897 2649 985 2729 „loco
1010 2647 1162 2725 censebis,

138 2741 277 2807 Caesar?
299 2742 327 2805 si
347 2743 480 2826 primus,
503 2742 627 2808 habebo
645 2744 730 2826 quod
752 2765 878 2826 sequar3
902 2743 929 2807 si
949 2752 1022 2828 post
1044 2763 1162 2818 omnes,

137 2857 248 2901 vereor
264 2857 304 2899 ne
325 2836 508 2920 imprudens
526 2838 739 2902 dissentiam.“
766 2848 927 2923 permotus
944 2838 1009 2915 his,
1032 2846 1163 2921 quanto-

138 2933 204 3012 que'
221 2930 377 2995 incautius
400 2931 578 3008 efferverat,
601 2932 791 3016 paenitentia
811 2933 932 3018 patiens
951 2933 1021 2997 tulit
1042 2930 1163 2996 absolvi

136 3045 226 3087 reum
244 3023 424 3089 criminibus
442 3025 612 3090 maiestatis
618 3050 627 3103 3
646 3027 685 3090 de
702 3027 843 3110 pecuniis
861 3026 1040 3111 repetundis
1058 3026 1099 3089 ad
1116 3046 1164 3088 re·

137 3118 325 3203 ciperatores
352 3119 431 3182 itum
458 3129 514 3185 est.
545 3142 604 3186 nec
629 3130 753 3204 patrum
780 3120 1008 3207 cognitionibus
1033 3120 1165 3184 satiatus
1183 3141 1213 3186 75

136 3211 261 3276 iudiciis
279 3211 442 3277 adsidebat
459 3214 492 3277 in
510 3236 606 3278 cornu
623 3214 797 3292 tribunalis,
815 3237 855 3279 ne
871 3226 1047 3299 praetorem
1065 3213 1163 3278 curuli

137 3305 321 3390 depelleret3
347 3307 507 3390 multaque
525 3329 562 3372 eo
585 3329 690 3372 coram
712 3310 862 3373 adversus
886 3308 1037 3373 ambitum
1060 3316 1091 3370 et
1108 3329 1163 3391 po-

137 3400 270 3464 tentium
287 3421 396 3484 preces
413 3403 595 3466 constituta:
606 3404 661 3487 sed
670 3406 745 3469 dum
754 3402 908 3468 severitati
925 3401 1108 3476 consulitur,
1127 3399 1163 3461 li-

137 3492 243 3558 bertas
262 3495 526 3579 corrumpebatur.
638 3511 643 3516 ’

202 3587 290 3651 Inter
306 3610 387 3670 quae
403 3588 483 3653 Pius
499 3588 649 3654 Aurelius
668 3595 793 3654 senator
810 3596 946 3672 questus
963 3586 1044 3651 mole
1061 3585 1163 3669 publi-

139 3702 196 3746 cae
211 3682 280 3746 viae
294 3681 452 3765 ductuque
461 3705 613 3766 aquarum
626 3683 797 3748 labefactas
812 3682 898 3746 aedis
914 3703 997 3757 suas,
1013 3679 1163 3743 auxilium

137 3783 262 3859 patrum
284 3776 463 3855 invocabat3
485 3776 701 3841 resistentibus
725 3777 834 3840 aerarii
856 3773 1065 3859 praetoribus,
1090 3773 1163 3838 sub-

137 3869 225 3932 venit
239 3868 358 3935 Caesar
370 3871 566 3956 pretiumque
579 3871 704 3935 aedium
713 3868 843 3934 Aurelio
858 3868 972 3944 tribuit,
988 3868 1162 3953 erogandae

137 3984 194 4047 per
210 3962 344 4028 honesta
354 3965 506 4050 pecuniae
524 3965 662 4050 cupiens,
681 3988 776 4048 quam
794 3964 939 4027 virtutem
957 3962 1011 4025 diu
1028 3961 1161 4037 retinuit,

137 4076 211 4120 cum
229 4065 348 4121 ceteras
371 4068 507 4122 exueret.
534 4058 699 4143 Propertio
718 4056 822 4122 Celeri
843 4056 1012 4142 praetorio,
1039 4057 1163 4120 veniam

136 4148 255 4216 ordinis
273 4150 314 4216 ob
331 4161 545 4238 paupertatem
563 4152 695 4237 petenti,
714 4152 818 4217 decies
838 4151 1014 4216 sestertium
1031 4150 1162 4235 largitus
