2760 4874
678 262 725 359 ἢ

220 386 280 450 152
564 389 747 447 CORNELII
761 387 895 444 TACITI

569 509 574 518 .
1134 482 1245 522 autea.

217 554 317 620 stulae
348 549 501 635 increpuit
532 547 683 612 amicitias
710 545 892 625 muliebres,
923 545 1050 611 Fufium
1081 548 1245 614 consulem

214 648 341 730 oblique
363 643 592 731 perstringens:
615 641 642 705 is
664 641 766 726 gratia
782 638 949 726 Augustae
966 640 1126 719 floruerat,
1150 652 1246 727 aptus

215 738 387 806 alliciendis
419 736 606 802 feminarum
637 734 763 812 animis,
795 734 886 798 dicax
911 734 995 799 idem
1021 745 1053 800 et
1080 735 1246 801 Tiberium

215 833 334 900 acerbis
352 831 474 897 facetiis
487 830 620 895 inridere
634 828 753 906 solitus,
772 850 903 911 quarum
922 828 1006 914 apud
1022 838 1245 915 praepotentes

216 930 249 994 in
266 929 396 1013 longum
413 923 565 988 memoria
582 932 639 986 est.

182 1046 197 1091 a
280 1020 430 1087 Ceterum
456 1038 555 1082 exeo
580 1024 747 1102 praerupta
772 1015 889 1080 iamet
914 1037 1029 1102 urgens
1055 1016 1245 1095 dominati03

214 1139 287 1181 nam
300 1112 448 1179 incolumi
461 1109 610 1197 Augusta
622 1119 688 1174 erat
702 1108 804 1174 adhuc
816 1108 1006 1196 perfugium,
1025 1109 1100 1192 quia
1113 1106 1245 1175 Tiberio

214 1211 422 1275 inveteratum
440 1228 515 1292 erga
532 1213 663 1268 matrem
685 1202 884 1286 obsequium,
907 1225 1009 1288 neque
1029 1201 1165 1269 Seianus
1188 1226 1246 1269 au-

215 1303 310 1369 debat
327 1299 502 1367 auctoritati
514 1297 652 1384 parentis
670 1296 782 1362 antire:
801 1306 875 1361 tunc
893 1297 978 1362 velut
991 1297 1087 1362 frenis
1106 1297 1245 1363 exsoluti

215 1404 434 1484 proruperunt,
457 1393 634 1476 missaeque
652 1392 684 1455 in
701 1389 911 1478 Agrippinam
933 1415 970 1457 ac
987 1391 1144 1458 Neronem
1162 1393 1245 1458 litte-

214 1513 281 1568 rae,
305 1512 383 1574 quas
401 1487 522 1574 pridem
539 1485 648 1550 allatas
668 1495 699 1549 et
717 1485 869 1550 cohibitas
887 1484 927 1550 ab
944 1486 1094 1573 Augusta
1111 1487 1245 1552 credidit

215 1584 344 1670 vulgus,
370 1581 455 1646 haud
481 1580 564 1644 enim
589 1578 723 1643 multum
748 1588 821 1665 post
846 1589 978 1644 mortem
1005 1580 1072 1645 eius
1094 1581 1244 1646 recitatae

215 1687 297 1742 sunt.
329 1675 425 1741 verba
450 1675 571 1738 inerant
597 1673 740 1756 quaesita
764 1673 945 1759 asperitate:
973 1674 1120 1740 sednon
1145 1697 1242 1752 arma,

214 1792 277 1834 uon
294 1791 397 1833 rerum
414 1789 565 1832 novarum
584 1767 736 1844 studium,
759 1789 881 1833 amores
903 1768 1053 1833 iuvenum
1070 1777 1101 1834 et
1118 1769 1245 1855 inpudi⁴

215 1863 320 1927 citiam
340 1861 446 1947 nepoti
468 1858 659 1939 obiectabat;
682 1860 715 1924 in
732 1854 902 1926 nurum‘ne
924 1861 958 1925 id
979 1861 1105 1945 quidem
1124 1861 1244 1927 confin-

200 1995 203 2001 ·
213 1978 288 2043 gere
306 1978 415 2033 ausus,
439 1954 654 2040 adrogantiam
672 1954 734 2019 oris
753 1964 784 2019 et
801 1964 1017 2019 contumacem
1039 1955 1179 2020 animum
1196 1955 1244 2018 in-

215 2050 350 2127 cusavit,
372 2071 490 2135 magno
513 2058 640 2113 senatus
662 2069 779 2132 pavore
797 2069 833 2113 ac
856 2048 993 2126 silentio,
1016 2049 1116 2113 donec
1137 2049 1242 2135 pauci,

214 2145 285 2228 quis
303 2143 389 2207 nulla
407 2165 446 2207 ex
464 2142 595 2228 honesto
614 2162 687 2226 spes
705 2179 747 2188 —
765 2150 796 2205 et
813 2141 940 2226 publica
955 2141 1040 2206 mala
1057 2142 1191 2228 singulis
1210 2143 1244 2207 iu

215 2237 410 2305 occasionem
424 2237 543 2323 gratiae
560 2234 725 2300 trahuntur
738 2273 779 2281 -
796 2244 831 2299 ut
848 2235 1016 2319 referretur
1031 2235 1242 2320 postulavere,

214 2332 447 2419 promptissimo
471 2330 565 2396 Cotta
586 2329 759 2394 Messalino
781 2351 854 2394 cum
876 2331 973 2395 atroci
994 2330 1157 2395 sententia.
1187 2331 1243 2395 sed

215 2427 285 2492 aliis
308 2450 328 2490 a
353 2425 556 2511 primoribus,
584 2423 783 2506 maximeque
805 2447 824 2488 a
845 2424 1079 2510 magistratibus
1106 2424 1243 2509 trepida

214 2520 320 2585 batur:
339 2520 455 2604 quippe
474 2517 634 2593 Tiberius,
659 2517 717 2582 etsi
735 2517 857 2582 infense
874 2518 1030 2595 invectus,
1055 2529 1159 2583 cetera
1176 2542 1243 2582 am-

215 2612 313 2699 bigua
330 2613 506 2695 reliquerat.

181 2731 197 2775 a
278 2707 353 2770 Fuit
375 2707 408 2768 in
430 2714 542 2770 senatu
563 2705 673 2770 Iunius
695 2706 860 2785 Rusticus,
883 2702 1095 2792 conponendis
1117 2717 1242 2794 patrum

215 2799 292 2863 actis
311 2797 450 2862 delectus
465 2822 484 2861 a
498 2797 644 2877 Caesare,
664 2821 764 2883 eoque
776 2801 992 2866 meditationes
1011 2802 1078 2866 eius
1095 2802 1243 2887 introspi-

216 2913 285 2956 cere
304 2890 454 2955 creditus:
477 2891 504 2955 is
522 2891 610 2955 fatali
627 2894 764 2975 quodam
781 2904 869 2960 motu
886 2934 928 2943 —
946 2917 1048 2979 neque
1067 2897 1151 2959 enim
1169 2906 1242 2960 antc

216 2984 374 3068 specimen
392 2985 583 3049 constantiae
601 2985 729 3051 dederat
747 3026 788 3034 -
807 3010 864 3054 seu
880 3011 978 3074 prava
996 2989 1147 3067 sollertia,
1166 2990 1243 3054 dum

215 3077 442 3142 imminentium
464 3077 578 3143 oblitus
596 3080 715 3145 incerta
735 3092 842 3166 pavet,
866 3083 1002 3149 inserere
1021 3106 1055 3148 se
1072 3083 1243 3148 dubitanti-

215 3172 275 3243 bus
294 3194 330 3237 ac
348 3194 474 3237 monere
492 3174 635 3240 consules
653 3198 692 3240 ue
709 3176 891 3241 relationem
904 3179 1088 3263 inciperent3
1108 3177 1243 3242 dissere-

214 3267 331 3351 batque
349 3265 496 3332 brevibus
511 3270 675 3334 momentis
694 3293 816 3335 summa
829 3273 922 3350 verti3
939 3294 1034 3358 posse
1053 3271 1242 3356 quandoque

215 3365 321 3426 domus
337 3358 516 3425 Germanici
529 3363 654 3427 eaitium
671 3365 879 3448 paenitentiae
896 3384 957 3430 esse
975 3366 1051 3430 seni.
1075 3365 1169 3430 simul
1185 3387 1243 3450 po-

214 3455 308 3540 pulus
332 3455 453 3540 effigies
476 3454 671 3542 Agrippinae
693 3479 730 3522 ac
751 3457 883 3523 Neronis
905 3482 1018 3545 gerens
1041 3459 1244 3523 circumsistit

216 3548 333 3612 curiam
351 3548 524 3633 faustisque
542 3551 575 3613 in
593 3549 762 3616 Caesarem
784 3552 939 3618 ominibus
958 3553 1055 3618 falsas
1073 3552 1192 3617 litteras
1211 3563 1244 3617 et

214 3642 354 3726 principe
379 3643 477 3706 invito
501 3644 630 3708 exitium
653 3647 759 3716 domui
786 3647 853 3712 eius
875 3648 992 3712 intendi
1019 3647 1171 3724 clamitat3
1198 3647 1244 3711 ita

214 3735 290 3798 nihil
309 3736 396 3800 triste
414 3736 467 3800 illo
485 3737 536 3802 die
553 3749 718 3822 patratum.
731 3765 733 3768 ·
746 3739 926 3806 ferebantur
948 3742 1041 3807 etiam
1064 3741 1123 3806 sub
1141 3742 1243 3806 nomi-

215 3829 307 3894 nibus
326 3829 534 3895 consularium
552 3832 643 3898 fictae
664 3835 697 3897 in
716 3832 866 3900 Seianum
885 3836 1069 3912 sententiae,
1094 3856 1243 3898 exercen-

215 3921 299 3986 tibus
316 3922 474 4007 plerisque
491 3948 547 4010 per
565 3927 722 3992 occultum
735 3938 828 4012 atque
847 3952 883 3994 eo
901 3930 1064 4015 procacius
1077 3928 1242 3993 libidinem

214 4015 418 4100 ingeniorum.
441 4020 523 4084 unde
536 4021 581 4084 illi
598 4022 644 4086 ira
661 4022 823 4088 violentior
836 4034 866 4088 et
884 4025 1027 4091 materies
1041 4022 1241 4088 criminandi:

168 4184 172 4191 ¹
204 4116 353 4192 'spretum
371 4111 508 4178 dolorem
522 4109 670 4202 principis
685 4117 725 4183 ab
745 4130 863 4197 senatu,
884 4121 1054 4186 descivisse
1071 4119 1241 4205 populum;
