2760 4874
256 368 319 432 170
600 372 782 431 CORNELII
798 372 929 430 TACITI

1115 473 1136 502 a
1146 474 1169 503 ι.
1180 465 1227 504 rer.
1238 466 1285 505 rss.

255 535 430 611 Gaetulico,
450 531 509 599 sub
527 553 590 615 qno
607 530 722 617 legioni
739 531 931 616 praefuerat,
949 531 1124 616 periculum
1141 530 1283 608 facessit,

254 629 384 714 quodie
405 626 512 692 Seiani
533 625 632 691 filium
653 647 804 711 generum
826 625 1027 702 destinasset,
1050 624 1134 691 ultro
1150 625 1284 690 damna*-

254 736 305 788 tur
326 733 420 805 atque
443 720 521 786 urbe
543 720 688 805 exigitur.
720 716 905 784 Gaetulicus
927 741 968 784 ea
983 728 1169 805 tempestate
1188 742 1284 804 supe-

253 818 343 882 rioris
363 814 551 882 Germaniae
569 813 709 899 legiones
727 812 857 878 curabat
874 813 1050 897 mirumque
1067 835 1210 882 amorem
1227 814 1284 878 ad-

254 921 381 976 secutus
407 918 489 986 erat;
516 907 636 972 effusae
662 907 859 984 elementiae,
887 907 1029 973 modicus
1056 907 1226 973 severitate
1251 918 1283 973 et

252 1005 395 1091 proximo
413 1024 537 1088 quoque
556 1001 705 1067 exercitui
721 1024 778 1087 per
794 1002 836 1067 L.
855 1000 1035 1087 Apronium
1052 1024 1200 1068 socerum
1218 1025 1283 1068 non

252 1101 408 1185 ingratum
430 1097 514 1162 unde
536 1095 622 1160 lama
643 1106 791 1161 constans
813 1119 926 1162 ausum
947 1095 1070 1162 mittere
1096 1097 1138 1161 ad
1160 1095 1282 1162 Caesa·

252 1216 318 1258 rem
336 1193 464 1269 litteras,
484 1190 676 1255 adfinitatem
689 1190 750 1255 sibi
767 1212 840 1255 cum
850 1188 968 1256 Seiano
980 1189 1065 1254 haud
1078 1200 1204 1275 sponte,
1223 1191 1281 1256 sed

252 1285 383 1351 consilio
402 1284 521 1349 Tiberii
539 1296 681 1369 coeptam
687 1309 696 1362 ;
718 1284 847 1369 perinde
866 1306 900 1349 se
917 1306 1013 1367 quarn
1031 1282 1196 1349 Tiberium
1213 1284 1281 1349 salli

251 1379 401 1465 potuisse,
419 1399 521 1461 neque
539 1399 674 1442 errorem
692 1378 826 1443 eundem
844 1377 888 1442 illi
906 1378 973 1442 sine
986 1377 1106 1454 fraude,
1124 1377 1197 1443 aliis
1215 1379 1280 1444 exi·

252 1474 295 1537 tio
308 1472 501 1537 habendum:
521 1471 581 1536 sibi
593 1471 688 1536 fidem
701 1471 855 1558 integram
868 1481 908 1548 et,
927 1470 956 1536 si
972 1470 1065 1536 nullis
1083 1471 1208 1537 insidiis
1225 1493 1281 1558 pe-

252 1577 376 1644 teretur,
395 1589 588 1643 mansuram3
608 1587 823 1631 successorem
841 1587 904 1630 non
917 1565 1007 1629 aliter
1019 1587 1114 1648 quam
1127 1565 1279 1631 indicium

251 1660 359 1724 mortis
377 1669 592 1744 acceptumm:
614 1658 773 1723 firmarent
794 1658 880 1723 velut
897 1657 1023 1735 foedus,
1050 1678 1114 1742 quo
1131 1659 1280 1746 princeps

251 1763 422 1817 ceterarum
435 1776 539 1817 rerum
552 1763 719 1838 poteretur,
728 1753 797 1838 ipse
809 1752 1002 1837 provinciam
1013 1753 1170 1823 retineret.
1188 1753 1279 1832 haec,
1347 1778 1354 1793 ²

250 1847 330 1910 mira
347 1868 551 1929 quamquam,
577 1846 673 1911 fidem
690 1869 731 1912 ex
747 1869 786 1912 eo
803 1845 982 1923 trahebant,
1000 1847 1087 1930 quod
1107 1870 1192 1913 nnus
1211 1870 1280 1913 om·

250 1939 337 2003 nium
356 1938 463 2005 Seiani
485 1940 635 2005 adfinium
656 1940 822 2005 incolumis
844 1940 1005 2025 multaque
1026 1940 1129 2027 gratia
1149 1942 1277 2020 mansit,

249 2043 412 2119 reputante
435 2035 562 2117 Tiberio
583 2035 745 2120 publicum
767 2034 828 2100 sibi
845 2036 966 2113 odium,
993 2045 1166 2101 extremam
1191 2041 1299 2102 aeta-'

250 2141 328 2206 tem,
346 2128 510 2215 magisque
529 2128 726 2211 famaquam
744 2129 776 2193 vi
794 2139 876 2194 stare
893 2151 944 2194 res
963 2151 1047 2194 suas.

201 2235 232 2282 3⁷
317 2222 504 2301 G.Cnsr10,
530 2221 578 2288 M.
599 2221 742 2288 Ssavnro
765 2222 948 2289 consulibus
970 2222 1092 2289 nobiles
1109 2221 1224 2288 Parthi
1244 2223 1277 2288 in

196 2302 235 2348 ‘³¹'
251 2318 361 2384 urbem
378 2340 505 2395 venere,
524 2317 633 2404 ignaro
651 2339 726 2403 rege
742 2315 921 2383 Artabano:
944 2318 971 2383 is
989 2326 1075 2382 metu
1093 2313 1277 2383 Germanici

249 2413 331 2477 fidus
340 2412 506 2488 Romanis,
525 2410 697 2494 aequabilis
715 2411 748 2475 in
766 2434 851 2489 suos,
870 2434 945 2477 mox
963 2410 1143 2498 superbiam
1158 2411 1194 2476 in
1207 2435 1276 2489 nos,

251 2506 412 2571 saevitiam
425 2505 457 2568 in
470 2506 636 2590 populares
651 2505 793 2589 sumpsit,
813 2505 912 2570 fretus
926 2505 1026 2583 bellis,
1045 2527 1126 2588 quae
1135 2507 1277 2571 secunda

250 2601 416 2665 adversum
435 2600 649 2664 circumiectas
667 2600 809 2665 nationes
826 2608 1017 2679 exercuerat,
1036 2608 1067 2663 et
1081 2608 1276 2664 senectutem

251 2693 369 2758 Tiberii
391 2703 426 2756 ut
447 2694 598 2757 inermem
620 2693 796 2777 despiciens
819 2692 993 2777 avidusque
1010 2692 1197 2771 Armeniae,
1225 2693 1276 2758 eui

251 2787 399 2849 defuncto
416 2808 490 2870 rege
508 2784 641 2850 Artaxia
658 2787 818 2866 Arsacen,
840 2787 1009 2853 liberorum
1027 2810 1157 2852 suorum
1174 2797 1275 2855 veter-

248 2881 370 2956 rimum,
389 2879 536 2962 inposuit,
555 2880 661 2944 addita
679 2882 867 2947 contumelia
883 2891 915 2946 et
931 2881 1037 2947 missis
1050 2881 1105 2964 qui
1122 2904 1239 2967 gazam
1256 2905 1275 2946 a

249 2970 381 3036 Vonone
394 2972 533 3036 relictam
546 2972 579 3036 in
594 2971 862 3058 SyriaCiliciaque
879 2985 1090 3061 reposcerent3
1108 2975 1204 3040 simul
1222 2997 1276 3040 ve-

248 3077 329 3131 teres
343 3065 512 3131 Persarum
526 3089 562 3131 ae
575 3066 788 3133 Macedonum
802 3071 960 3148 terminos,
981 3091 1076 3152 seque
1089 3070 1274 3134 invasurum

248 3183 396 3247 possessa
419 3160 504 3246 Cyro
526 3171 558 3226 et
579 3173 651 3248 post
668 3163 850 3228 Alexandro
872 3187 929 3248 per
950 3164 1217 3247 vaniloquentiam
1238 3186 1274 3229 ac

248 3255 349 3320 minas
368 3256 510 3320 iaciebat.
542 3258 598 3321 sed
615 3257 741 3322 Parthis
759 3258 902 3322 mittendi
919 3267 1055 3322 secretos
1073 3258 1203 3322 nuntios
1221 3281 1275 3322 va

247 3344 418 3415 lidissimris
437 3360 546 3414 auctor
562 3351 623 3415 fuit
638 3349 801 3429 Sinnaces,
819 3352 936 3438 insigni
953 3351 1072 3417 familia
1089 3373 1127 3416 ae
1144 3352 1274 3436 perinde

247 3444 370 3529 opibus,
390 3454 421 3508 et
432 3445 593 3528 proximus
611 3445 684 3510 huic
696 3444 822 3523 Abdus,
841 3447 1006 3531 ademptae
1023 3446 1178 3525 virilitatis
1197 3445 1274 3529 (non

249 3539 431 3622 despectum
448 3538 482 3601 id
499 3539 584 3622 apud
600 3539 763 3617 barbaros,
787 3540 931 3623 ultroque
955 3540 1127 3625 potentiam
1150 3539 1273 3626 habet):

246 3633 268 3696 ii
286 3633 413 3697 adscitis
433 3641 464 3696 et
482 3632 550 3697 aliis
567 3633 768 3718 primoribus,
787 3635 862 3717 quia
877 3635 1035 3700 neminem
1052 3634 1156 3720 gentis
1174 3633 1276 3700 Arsa·

247 3727 387 3790 cidarum
405 3749 545 3790 summae
563 3727 608 3791 rei
625 3728 774 3813 inponere
791 3738 948 3814 poterant,
966 3727 1137 3793 interfectis
1156 3728 1197 3793 ab
1213 3729 1275 3794 Ar-

246 3819 360 3911 tabano
386 3819 543 3905 plerisque
569 3831 623 3885 aut
648 3823 788 3887 nondum
812 3823 943 3899 adultis,
979 3822 1152 3901 Phraaten,
1189 3825 1274 3912 regis

245 3913 391 3978 Phraatis
400 3915 508 3993 filium,
519 3915 622 3980 Roma
634 3917 819 4001 poscebant:
834 3917 960 3981 nomine
973 3926 1094 3982 tantum
1104 3927 1136 3983 et
1146 3928 1274 3984 auctore

246 4029 341 4090 opus,
368 4018 403 4071 ut
425 4019 535 4093 sponte
555 4009 715 4088 Caesaris,
741 4021 774 4075 ut
791 4034 892 4097 genus
910 4010 1041 4077 Arsacis
1063 4011 1166 4097 ripam
1189 4013 1275 4099 apud

244 4098 416 4185 Euphratis
433 4112 619 4168 cerneretur.
