2760 4874
402 249 608 308 ANNALIUM
626 249 700 306 LIB.
714 249 751 305 11.
771 251 889 306 78-82.
1113 240 1153 306 ll

123 341 246 396 p.ch.12.

123 409 321 476 tutissimae
339 407 569 495 praesentibus,
594 407 650 473 sed
668 407 830 472 castellum
848 407 978 474 Ciliciae
1000 409 1154 479 munitum

124 504 313 582 admodum,
331 503 388 579 ‚eru
409 494 524 567 nomen
543 501 720 580 Celendris,
744 511 890 587 occupat:
912 525 986 568 nam
1008 504 1154 569 admixtis

124 597 339 666 desertoribus
351 606 394 663 'et
415 597 513 662 tirone
534 618 634 680 nuper
654 597 825 681 intercepto
852 597 980 680 suisque
1007 607 1039 663 et
1059 597 1156 664 Plau-

124 694 216 760 cinae
243 683 377 758 servitiis
404 691 520 756 auxilia
543 689 678 755 Cilicum
704 712 784 774 quae
809 691 910 776 reguli
935 691 1096 770 miserant,
1122 693 1154 756 in

124 809 293 854 numerum
314 785 447 872 legionis
470 793 701 870 composuerat,
729 783 938 868 (lassatisque
960 807 994 850 se
1015 785 1154 872 legatum

125 880 301 948 testabatur
317 879 478 966 provincia
495 902 591 963 quam
607 878 635 943 is
653 879 793 944 dedisset
809 879 921 957 arceri,
939 901 1003 944 non
1020 903 1040 944 a
1056 879 1155 966 legio·

124 975 220 1041 nibus
230 996 389 1038 —earum
406 974 523 1059 quippe
540 973 642 1037 accitu
659 973 764 1037 venire
778 1011 834 1050 -,
854 973 910 1038 sed
927 997 947 1038 a
965 970 1075 1039 Sentio
1092 974 1155 1059 pri-

126 1079 236 1135 vatum
249 1067 356 1134 odium
369 1067 457 1133 falsis
472 1066 652 1132 criminibus
663 1076 800 1153 tegente:
815 1067 1019 1132 consisterent
1032 1067 1065 1131 in
1077 1068 1153 1145 acie,

126 1186 192 1229 non
208 1162 394 1249 pugnaturis
412 1160 577 1238 militibus,
601 1159 656 1225 ubi
673 1160 823 1226 Pisonem
841 1161 881 1227 ab
899 1161 977 1247 ipsis
993 1171 1154 1247 parentem

126 1258 287 1342 quondam
304 1255 504 1343 appellatum,
524 1256 551 1320 si
567 1256 634 1320 iure
652 1266 804 1342 ageretur,
823 1256 985 1341 potiorem,
1005 1257 1154 1334 si‘armis,

126 1375 192 1418 uon
208 1345 381 1417 invalidum
394 1351 554 1416 vidissent.
577 1360 644 1416 tum
660 1373 717 1436 pro
735 1351 934 1416 munimentis
953 1350 1072 1416 castelli
1089 1374 1156 1415 ma·

126 1447 253 1534 nipulos
270 1447 418 1533 explicat,
438 1446 515 1512 colle
533 1446 631 1511 arduo
649 1456 681 1510 et
698 1447 843 1531 derupto;
866 1470 940 1510 nam
958 1457 1060 1512 cetera
1076 1447 1155 1510 mari

127 1541 308 1629 cingrmtur3
327 1549 433 1607 contra
446 1540 584 1606 veterani
599 1540 758 1608 ordinibus
777 1562 814 1606 ao
832 1540 979 1606 subsidiis
997 1541 1153 1606 instructi:

125 1636 201 1701 hino
226 1635 373 1713 militum,
400 1635 473 1699 inde
498 1634 638 1700 locorum
661 1635 827 1721 asperitas,
854 1636 910 1700 sed
935 1658 999 1702 non
1020 1635 1153 1712 animus,

126 1752 193 1796 nou
209 1751 295 1815 spes,
313 1751 354 1793 ne
371 1729 434 1794 tela
451 1729 578 1812 quidem
595 1729 657 1794 nisi
674 1730 824 1816 agrestia,
847 1731 888 1794 ad
906 1730 1044 1796 subitum
1061 1752 1154 1795 usum

125 1833 301 1910 properata.
324 1833 360 1888 ut
375 1845 489 1891 venere
506 1824 539 1888 in
553 1847 673 1902 manus,
692 1847 756 1889 non
773 1825 854 1888 ultra
867 1824 1042 1891 dubitatum
1060 1845 1154 1908 quam

126 1919 205 1982 dum
225 1914 387 2011 Romanae
414 1917 556 1996 cohortes
582 1918 777 2002 inaequum
803 1919 1003 1994 eniterentur:
1030 1928 1155 1983 vertunt

126 2023 217 2100 terga
235 2011 352 2077 Cilices
363 2034 466 2096 seque
485 2012 613 2078 castello
631 2011 790 2078 claudunt.

166 2105 321 2172 :Interim
338 2105 415 2172 Piso
433 2107 568 2172 classem
588 2107 674 2172 haud
694 2108 803 2193 procul
821 2107 1033 2192 opperientem
1055 2106 1154 2191 adpu-
1171 2124 1201 2173 81

126 2222 224 2287 gnare
242 2200 362 2287 frustra
376 2202 552 2287 temptavit:
575 2214 800 2288 regressusque
818 2211 850 2266 et
865 2223 923 2286 pro
944 2200 1041 2263 muris
1060 2200 1154 2263 modo

127 2305 229 2361 semet
245 2295 446 2374 addictando,
469 2297 563 2364 modo
582 2296 722 2382 singulos
741 2295 865 2364 nomine
884 2293 984 2371 ciens,
1006 2293 1153 2380 praemiis

126 2412 244 2455 vocans
263 2389 449 2454 seditionem
466 2390 644 2477 coeptabat,
668 2391 809 2474 adeoque
832 2397 1043 2453 commoverat
1060 2398 1095 2451 ut
1112 2387 1154 2452 si-

125 2483 231 2571 gnifer
256 2483 390 2570 legionis
417 2495 523 2550 sextae
546 2485 735 2571 signumad
761 2506 833 2549 eum
855 2482 1054 2547 transtulerit.
1086 2490 1154 2547 tum

128 2577 258 2644 Sentius
277 2600 426 2644 occanere
449 2601 566 2645 cornua
583 2579 738 2663 tubasque
760 2588 791 2644 et
808 2578 872 2664 peti
890 2593 1052 2664 aggerem,
1076 2576 1154 2663 erigi

126 2672 229 2738 scalas
245 2672 347 2753 iussit,
367 2695 405 2739 aa
421 2674 689 2760 promptissimum
706 2696 862 2759 quemque
880 2673 1057 2749 succedere,
1076 2671 1153 2737 alios

129 2766 292 2832 tormentis
305 2767 423 2845 hastas,
443 2791 519 2834 saxa
533 2777 565 2834 et
576 2768 662 2834 faces
676 2768 831 2856 ingerere:
850 2770 976 2834 taudem
989 2768 1071 2832 victa
1084 2789 1155 2853 per-

127 2859 243 2925 tinacia
262 2859 340 2926 Piso
362 2857 461 2926 oravit
483 2871 519 2926 ut
540 2863 660 2927 traditis
683 2863 777 2928 armis
800 2872 940 2928 maneret
960 2862 993 2927 in
1016 2860 1153 2937 castello,

127 2955 205 3019 dum
228 2951 347 3020 Caesar
368 2955 418 3019 cui
442 2954 568 3040 Syriam
593 2957 785 3041 permitteret
808 2956 990 3023 consulitur.
1021 2978 1084 3020 non
1105 2977 1155 3019 re-

128 3057 238 3134 ceptae
256 3049 459 3128 conditiores,
478 3073 536 3115 nee
554 3050 639 3132 aliud
656 3073 751 3136 quam
768 3074 867 3117 naves
885 3060 917 3116 et
933 3059 1034 3114 tutum
1052 3050 1085 3113 in
1102 3071 1154 3113 ur-

126 3142 201 3222 bem
218 3142 277 3207 iter
294 3165 479 3209 concessum
496 3155 554 3210 est.
611 3218 613 3225 ,
1089 3174 1095 3180 ·

191 3234 240 3301 At
255 3236 390 3317 Romae,
412 3249 579 3327 postquam
599 3238 779 3306 Germanici
801 3239 939 3304 valitudo
960 3236 1154 3324 percrebruit
1171 3257 1204 3305 82

128 3341 316 3416 cunctaque,
339 3343 375 3398 ut
387 3356 432 3399 ex
448 3334 634 3421 longinquo,
657 3346 749 3400 aucta
765 3335 799 3399 in
816 3334 951 3398 deterius
970 3330 1155 3397 adfereban-

128 3437 193 3505 tur,
217 3427 319 3506 dolor,
342 3429 403 3507 ira:
425 3439 457 3495 et
478 3430 683 3515 erumpebant
700 3438 844 3512 questus:
865 3429 937 3493 ideo
958 3426 1104 3491 nimirum
1121 3425 1155 3489 in

128 3531 283 3587 extremas
302 3532 400 3588 terras
416 3524 599 3611 relegatum,
618 3525 689 3589 ideo
701 3523 811 3589 Pisoni
827 3522 1012 3608 permissam
1029 3519 1155 3606 provin-

128 3615 225 3694 ciam:
242 3615 303 3682 hoc
320 3618 424 3703 egisse
442 3628 578 3694 secretos
596 3616 762 3703 Augustae
780 3639 852 3681 cum
869 3614 1021 3680 Plancina
1039 3635 1155 3678 sermo-

127 3731 200 3787 nes;
226 3731 302 3775 vera
322 3734 451 3796 prorsus
473 3713 512 3777 de
533 3712 642 3777 Druso
665 3712 803 3777 seniores
829 3711 964 3776 locutos:
991 3707 1154 3796 displicere

126 3803 455 3888 regnantibuseivil-ia
471 3807 605 3901 filiorum
623 3806 762 3892 ingenia,
781 3827 882 3890 neque
900 3803 940 3869 ob
959 3802 1044 3868 aliud
1060 3803 1154 3868 inter-

128 3906 238 3991 ceptos
264 3920 358 3982 quam
385 3901 459 3985 quia
483 3900 635 3987 populum
656 3900 835 3964 Romanum
857 3919 962 3982 aequo.
982 3898 1154 3975 iurecom-

127 3991 223 4077 plecti
239 3994 361 4062 reddita
373 3995 514 4061 libertate
528 3994 722 4082 agitaverint.
744 3993 802 4061 hos
816 3994 903 4080 vulgi
922 4016 1080 4060 sermones
1098 4016 1151 4058 au·
