2760 4874
1110 148 1129 201 4

401 383 901 459 ANNALHJMLIB.1v-.10-13.
984 468 987 473 ,
1095 374 1157 439 121
1206 338 1209 343 ⁴

154 505 160 517 .
188 477 211 515 h.
221 476 253 515 23.

138 475 306 627 briisquam
324 540 455 626 scriptor
472 549 536 604 tam
552 540 694 604 infensus
714 540 814 604 extitit
830 550 865 604 ut
878 541 1005 607 Tiberio
1023 517 1159 608 obiecta·

138 646 193 713 ret,
213 658 284 700 cum
298 634 401 699 omnia
414 634 483 709 alia
492 633 706 715 conquirerent
723 632 985 718 intenderentque.
1008 637 1084 700 mihi
1097 647 1159 701 tra-

138 729 232 799 dendi
250 727 461 813 arguendique
479 727 611 790 rumoris
635 747 730 790 causa
746 725 806 789 suit
823 736 859 790 ut
876 727 958 792 claro
977 728 1035 793 sub
1053 743 1164 794 exem-³

137 823 190 908 plo
203 822 300 886 falsas
315 821 487 884 auditiones
501 820 688 903 depellerem
700 829 900 903 peteremque
916 820 956 885 ab
969 820 1007 886 iis
1025 844 1157 905 quorum

138 917 170 980 in
187 937 298 979 manus
317 936 391 977 cura
407 922 514 977 nostra
530 913 658 989 venerit,
677 913 837 997 divulgata
854 935 949 996 aeque
966 915 1158 979 incredibilia

138 1031 174 1073 ae
192 1009 281 1072 avide
304 1015 431 1091 accepta
452 1006 534 1071 veris
556 1027 657 1089 neque
679 1005 712 1069 in
729 1006 912 1070 miraculum
934 1008 1084 1092 eomrptis
1103 1031 1158 1073 an·

139 1101 313 1166 tehabeant.
1041 1154 1046 1163 .

203 1193 350 1258 Ceterum
376 1194 521 1259 laudante
547 1194 646 1258 filium
670 1216 727 1279 pro
748 1195 856 1259 rostris
879 1195 1005 1260 Tiberio
1031 1205 1157 1260 senatus
1177 1216 1207 1262 12

138 1287 332 1373 populusque
346 1287 487 1352 habitum
505 1309 542 1352 ac
558 1310 652 1352 voces
667 1287 826 1352 dolentum
844 1289 1038 1354 simulatione
1056 1290 1157 1375 magis

62 1437 65 1444 .
139 1402 233 1471 quam
253 1379 353 1444 libens
375 1380 537 1458 induebat,
561 1381 749 1464 domumque
772 1379 950 1446 Germanici
971 1383 1158 1446 revirescere

139 1473 250 1537 occulti
257 1472 464 1537 laetabantur:
480 1474 564 1557 quod
571 1474 757 1559 principium
769 1474 885 1539 favoris
896 1484 927 1539 et
935 1483 1033 1540 mater
1041 1473 1158 1560 Agrip-

138 1567 211 1650 pina
230 1588 317 1650 spem
329 1566 411 1630 male
424 1577 532 1653 tegens
550 1568 718 1651 perniciem
736 1567 970 1632 adceleravere..
982 1592 1055 1632 nam
1070 1567 1158 1633 Seia-

139 1683 197 1731 nus
215 1659 278 1724 ubi·
288 1660 371 1724 videt
389 1670 520 1725 mortem
536 1660 636 1726 Drusi
656 1661 787 1725 inultam
804 1660 1067 1739 interfectoribus,
1090 1662 1157 1726 sine

139 1775 277 1818 maerore
294 1753 420 1839 publico
438 1775 521 1831 esse,
541 1754 629 1819 ferox
648 1754 813 1832 scelerum,
833 1764 863 1818 et
880 1756 954 1837 quia
970 1756 1071 1840 prima
1086 1777 1158 1839 pro-

138 1855 300 1924 venerant,
322 1846 462 1911 volutare
486 1869 592 1912 secum
613 1870 748 1930 quonam
770 1849 862 1913 modo
881 1847 1060 1914 Germanici
1081 1848 1158 1913 libe-

137 1962 189 2004 ros
201 1949 399 2023 perverteret,
418 1962 550 2024 quorum
563 1963 627 2005 non
639 1940 735 2005 dubia
748 1943 918 2006 successio:
936 1963 1037 2024 neque
1053 1941 1155 2026 spargi

138 2055 292 2097 venenum
309 2033 342 2096 in
359 2042 421 2097 tres
444 2043 577 2118 poterat,
601 2034 728 2123 egregia
749 2034 913 2098 custodum
935 2035 996 2098 fide
1015 2044 1046 2099 et
1066 2034 1157 2118 pudi-

139 2126 211 2190 citia
235 2124 430 2211 Agrippinae
456 2127 681 2211 inpenetrabili.
717 2128 812 2213 igitur
837 2129 1063 2192 contumaciam
1087 2127 1155 2200 eius

137 2219 295 2297 insectari,
322 2228 411 2284 vetus
433 2219 600 2307 Augustae
625 2222 745 2299 odium,
772 2231 927 2285 recentem
948 2221 1061 2285 Liviae
1084 2243 1157 2284 con·

139 2313 299 2377 scientiam
320 2315 492 2399 exagitare,
519 2324 554 2378 ut
572 2314 738 2400 superbam
760 2314 963 2390 fecunditate,
991 2313 1155 2378 subnixam

137 2405 339 2489 popularibus
367 2407 479 2471 studiis
503 2407 623 2472 inhiare
649 2407 851 2472 dominationi
875 2407 961 2490 ‘apud
987 2405 1156 2470 Caesarem

138 2501 314 2583 arguerent,
338 2507 431 2582 atque
453 2499 531 2564 haec
553 2500 671 2564 callidis
694 2499 955 2576 criminatoribus3
977 2500 1057 2563 inter
1077 2520 1155 2582 quos

138 2592 614 2678 delegeratIuliumPostumum,
625 2616 681 2677 per
689 2592 1020 2658 adulteriumMutiliae
1029 2592 1156 2656 Priscae
1266 2618 1269 2623 ·

136 2684 216 2748 inter
228 2685 352 2749 intimos
366 2686 454 2750 aviae
468 2696 499 2750 et
511 2687 648 2752 consiliis
663 2687 727 2752 suis
740 2687 951 2772 peridoneum,
965 2686 1039 2768 quia
1046 2684 1157 2750 Prisca

136 2777 169 2841 in
186 2778 289 2843 animo
306 2777 599 2865 Augustae-valida
620 2804 715 2844 anum
737 2790 847 2865 suapte
868 2790 979 2844 natura
1000 2779 1156 2863 potentiae

138 2871 261 2935 anxiam
282 2872 495 2937 insociabilem
517 2875 610 2937 nurui
631 2873 796 2938 efficiebat.
818 2872 1014 2959 Agrippinae
1031 2894 1155 2955 quoque

137 2965 269 3048 proximi
290 2965 506 3030 inliciebantur
527 2967 631 3050 pravis
655 2966 848 3032 sermonibus
871 2966 1006 3030 tumidos
1030 2965 1155 3049 spiritus

137 3057 359 3140 perstimulare.

201 3148 247 3214 At
266 3150 410 3217 Tiberius
432 3153 509 3217 nihil
530 3154 707 3219 intermissa
722 3177 826 3219 rerum
843 3176 930 3230 cura,
953 3153 1079 3237 negotia
1099 3173 1155 3236 pro
1176 3173 1206 3220 13

139 3241 255 3306 solatiis
278 3245 446 3329 accipiens,
470 3247 518 3312 ius
542 3248 670 3324 civium,
693 3269 800 3332 preces
819 3247 973 3310 sociorum
990 3242 1155 3320 tractabat3

138 3335 281 3423 factaque
294 3346 419 3403 auctore
434 3361 471 3404 eo
486 3349 611 3405 senatus
626 3340 767 3405 consulta
779 3349 814 3402 ut
827 3339 943 3403 civitati
958 3337 1156 3421 Cibyraticae

138 3429 222 3512 apud
238 3427 363 3508 Asiam,
386 3429 539 3517 Aegiensi
556 3434 640 3516 apud
656 3431 825 3509 Achaiam,
847 3440 933 3495 motu
955 3439 1054 3493 terrae
1071 3428 1157 3493 labe-

137 3520 238 3598 factis,
258 3522 473 3588 subveniretur
488 3527 671 3590 remissione
685 3525 792 3590 tributi
808 3523 1032 3588 intriennium.
1056 3530 1087 3585 et
1098 3520 1156 3584 Vi·

138 3611 208 3678 biu's
223 3613 369 3693 Serenus,
387 3618 553 3702 proconsul
566 3619 719 3683 adterioris
733 3618 916 3703 Hispaniae,
935 3617 974 3683 de
988 3616 1019 3678 vi
1028 3613 1157 3698 publica

138 3710 317 3788 damnatus,
344 3711 384 3776 ob
407 3714 597 3778 atrocitatem
622 3736 742 3776 morum
766 3713 799 3775 in
825 3711 958 3776 insulam
979 3708 1156 3793 Amorgum

138 3804 325 3894 deportatur.
354 3805 516 3871 Carsidius
537 3804 703 3883 Sacerdos,
726 3828 798 3870 reus
821 3814 979 3886 tamquam
1000 3802 1156 3866 frumento

138 3896 259 3962 hostem
274 3899 506 3965 Tacfarinatem
522 3901 662 3977 iuvisset,
682 3898 860 3974 absolvitur,
879 3897 1080 3979 eiusdemque
1098 3895 1156 3958 cri-
1179 3909 1182 3915 ’
1269 3884 1280 3907 ‘

137 3989 230 4054 minis
249 3990 478 4066 C.‚Graechus.
506 3994 589 4058 hunc
607 3992 750 4057 comitem
768 3990 852 4055 exilii
869 3990 1038 4054 admodum
1053 3988 1156 4054 infan-

138 4092 202 4146 tem
222 4092 311 4166 pater
330 4083 533 4171 Sempronius
554 4086 587 4150 in
608 4085 741 4150 insulam
760 4083 925 4148 Cercinam
947 4082 1077 4160 tulerat,
1093 4081 1155 4145 illic
