2760 4874
304 398 367 463 328
653 408 837 466 CORNELII
849 406 982 465 TACITI

1219 512 1239 541 a.
1249 513 1271 542 a.
1282 504 1330 544 ara.

300 590 377 655 pore
398 567 609 653 capessendae
630 567 676 633 rei
696 566 842 652 publicae
859 564 920 633 iter
938 566 1162 653 ingrederetur.
1189 581 1332 636 ceterum

302 663 379 748 ipse,
389 685 429 726 an
439 663 543 727 venire
553 662 584 724 in
596 671 737 725 senatum
747 662 881 739 deceret,
894 661 1089 726 meditationi
1102 684 1177 727 suae
1191 663 1330 747 reliquit.

252 774 284 821 ar
365 754 412 821 At
428 765 553 841 postera
570 756 725 820 lueeduae
742 754 915 840 praetoriae
931 755 1075 819 cohortes
1093 766 1232 822 armatae
1250 767 1332 822 tem-

301 850 388 935 plum
395 847 570 914 Genetricis
580 848 713 913 Veneris
727 849 872 913 insidere.
891 848 1010 913 aditum
1020 859 1147 916 senatus
1156 850 1272 936 globus
1283 862 1332 916 to-

301 954 445 1030 gatorum
455 943 619 1008 obsederat
628 966 691 1008 non
700 943 829 1007 occultis
838 942 963 1029 gladiis,
982 942 1177 1028 dispersique
1189 967 1248 1030 per
1260 945 1333 1011 fora

301 1061 339 1104 ae
348 1038 492 1103 basilicas
503 1039 593 1103 cunei
603 1038 765 1115 militares,
784 1038 865 1103 inter
876 1060 1010 1121 quorum
1024 1050 1170 1124 aspectus
1185 1050 1217 1104 et
1225 1042 1330 1106 minas

300 1133 434 1220 ingressi
444 1134 561 1198 curiam
572 1143 740 1210 senatores,
760 1142 791 1197 et
799 1133 897 1197 oratio
906 1132 1055 1217 principis
1064 1144 1331 1218 perquaestorem

301 1228 369 1293 eius
379 1228 556 1292 auditaest:
575 1228 699 1292 nemine
708 1226 892 1291 nominatim
901 1226 1088 1311 compellato
1102 1237 1206 1312 patres
1216 1251 1332 1314 argue-

300 1320 448 1405 batquod
462 1322 587 1406 publica
601 1322 707 1386 munia
715 1322 894 1386 desererent
903 1342 1073 1404 eorumque
1087 1323 1231 1408 exemplo
1240 1324 1332 1406 equi-

300 1426 349 1481 tes
362 1415 498 1481 Romani
516 1417 557 1481 ad
575 1416 740 1501 segnitiam
759 1424 930 1479 uterentur:
953 1415 1068 1479 etenim
1085 1416 1162 1498 quid
1177 1416 1295 1481 mirum
1313 1440 1331 1480 e

301 1510 479 1597 longinquis
488 1511 655 1596 provinciis
663 1510 749 1574 haud
756 1509 864 1586 veniri,
871 1531 943 1574 oum
952 1509 1091 1595 plerique
1100 1509 1205 1594 adepti
1214 1532 1331 1575 consu-

301 1604 400 1668 latum
410 1614 441 1668 et
454 1605 628 1668 sacerdotia
640 1604 800 1668 hortorum
813 1604 917 1689 potius
931 1604 1111 1668 amoenitati
1124 1604 1332 1669 inservirent?

253 1712 286 1761 rs
369 1696 464 1779 Quod
473 1698 558 1761 velut
573 1697 668 1761 telum
682 1698 859 1782 corripuere
873 1707 1080 1762 accusatores.
1099 1709 1131 1762 et
1143 1698 1268 1763 initium
1283 1699 1332 1763 sa-

302 1791 403 1856 ciente
413 1789 613 1868 Cossutiano,
628 1791 745 1855 maiore
755 1792 787 1855 ri
795 1791 966 1857 Marcellus
982 1815 1137 1856 summam
1149 1815 1216 1857 rem
1226 1793 1333 1877 publi·

302 1906 370 1949 cam
380 1884 433 1971 agi
442 1883 635 1949 clamitabat:
655 1885 851 1949 contumacia
859 1885 1042 1950 inferiorum
1055 1885 1215 1950 lenitatem
1228 1887 1331 1972 impe-

301 1979 421 2044 ritantis
439 1980 586 2044 deminui.
614 1980 745 2044 nimium
766 1981 858 2046 mites
876 1982 1005 2046 adeam
1022 1983 1106 2046 diem
1129 1991 1246 2067 patres,
1274 1984 1332 2067 qui

302 2072 475 2139 Thraseam
489 2074 723 2151 desciscentem,
743 2075 797 2158 qui
810 2097 961 2160 generum
975 2076 1043 2141 eius
1058 2075 1244 2141 Helvidium
1257 2076 1331 2140 Pri-

302 2190 390 2232 scum
408 2168 441 2232 in
448 2168 549 2233 isdem
558 2168 725 2246 furoribus,
745 2168 838 2233 simul
847 2169 1021 2234 Paconium
1030 2169 1254 2255 Agrippinum,
1273 2192 1331 2255 pa-

302 2262 381 2326 terni
391 2263 423 2325 in
431 2262 588 2347 principes
597 2262 660 2326 odii
669 2263 826 2340 heredem,
846 2272 877 2327 et
887 2261 1032 2328 Curtium
1042 2263 1230 2328 Montanum
1240 2264 1331 2328 dete-

303 2357 416 2421 standa
427 2357 565 2421 carmina
578 2357 771 2421 factitantem
785 2357 910 2422 eludere
923 2358 1040 2443 inpune
1060 2358 1204 2422 sinerent.
1222 2359 1332 2442 requi-

301 2474 369 2517 rere
388 2474 422 2516 so
439 2452 472 2515 in
490 2461 601 2516 senatu
618 2452 822 2530 consularem,
841 2453 875 2516 in
892 2454 973 2518 votis
987 2454 1190 2530 sacerdotem,
1209 2453 1243 2517 in
1260 2454 1331 2518 iure

301 2547 432 2610 iurando
442 2546 552 2624 civem,
571 2546 633 2611 nisi
645 2556 753 2610 contra
765 2547 906 2610 instituta
915 2556 945 2611 et
955 2548 1157 2612 caerimonias
1172 2548 1331 2611 maiorum

301 2643 490 2727 proditorem
511 2642 617 2727 palam
639 2651 670 2706 et
691 2643 814 2706 hostem
833 2642 975 2706 Thrasea
995 2643 1159 2706 induisset
1191 2642 1331 2725 denique

302 2758 396 2821 agere
410 2747 585 2801 senatorem
599 2745 630 2800 et
642 2736 790 2820 principis
801 2735 1022 2801 obtrectatores
1036 2745 1200 2820 protegere
1216 2736 1331 2800 solitus

303 2830 434 2905 veniret,
462 2840 602 2893 censeret
623 2831 700 2912 quid
721 2831 834 2915 corrigi
857 2831 1045 2894 autmutari
1067 2830 1174 2893 vellet:
1202 2829 1331 2895 facilius

301 2922 474 3008 perlaturos
493 2922 617 3007 singula
633 2924 841 3007 increpantem
859 2946 954 3007 quam
975 2946 1060 2988 nunc
1079 2923 1239 2988 silentium
1257 2945 1331 3008 per-

301 3017 419 3080 ferrent
436 3016 541 3080 omnia
559 3016 744 3080 damnantis.
767 3039 878 3101 pacem
896 3019 941 3082 illi
958 3041 1014 3103 per
1031 3018 1138 3082 orbem
1157 3027 1268 3094 terrac,
1288 3041 1331 3081 an

301 3111 446 3176 victorias
466 3111 532 3175 siue
550 3111 664 3175 damno
683 3112 874 3176 exercituum
897 3112 1080 3198 displicere?
1105 3135 1145 3176 ne
1166 3111 1331 3176 hominem

301 3205 533 3291 bonispublicis
544 3216 708 3283 maestum,
727 3207 907 3289 etquifora‚
927 3208 1057 3284 theatra,
1076 3206 1192 3291 templa
1205 3229 1264 3290 pro
1279 3231 1332 3272 so-

301 3300 431 3366 litudine
443 3299 581 3377 haberet,
600 3300 655 3383 qui
671 3300 865 3364 minitaretur
883 3301 1010 3365 exilium
1025 3323 1126 3376 suum,
1146 3299 1331 3366 ambitionis

301 3417 416 3480 pravae
430 3404 605 3478 compotem
618 3394 766 3458 facerent.
785 3417 849 3458 non
861 3393 906 3458 illi
920 3395 1063 3459 consulta
1075 3395 1162 3470 hacc,
1181 3416 1247 3457 non
1261 3418 1333 3459 ma-

302 3490 451 3576 gistratus
465 3499 518 3553 aut
527 3488 703 3552 Romanam
716 3489 827 3552 urbem
835 3489 947 3552 videu':
966 3489 1164 3573 abrumperet
1173 3488 1274 3552 vitam
1288 3489 1332 3554 ab

302 3609 339 3650 ea
348 3585 472 3648 civitate
485 3584 574 3648 cuius
584 3584 743 3648 caritatem
759 3583 842 3659 olim,
860 3594 985 3647 nuncet
999 3592 1161 3668 aspectum
1175 3582 1332 3648 exuisset.

252 3699 283 3747 29
368 3679 451 3745 Cum
468 3701 525 3764 per
536 3678 615 3742 haec
628 3687 721 3762 atque
739 3678 813 3741 talia
825 3676 1007 3753 Marcellus,
1025 3686 1062 3740 ut
1079 3686 1145 3740 erat
1161 3685 1272 3741 torvus
1292 3700 1334 3742 ac

301 3777 417 3852 minax,
427 3796 515 3851 voce,
524 3774 620 3850 voltu,
632 3773 731 3837 oculis
741 3774 926 3848 ardesceret,
936 3795 1000 3835 uon
1013 3771 1068 3834 illa
1080 3780 1155 3834 nota
1168 3779 1199 3833 et
1208 3771 1335 3836 crebri-

302 3881 363 3935 tate
376 3868 586 3955 periculorum
600 3877 688 3932 sueta
701 3867 765 3931 iam
779 3877 905 3930 senatus
920 3865 1085 3941 maestitia,
1105 3864 1161 3928 sed
1178 3886 1284 3929 novus
1301 3880 1336 3931 et

302 3965 392 4029 altior
399 3986 498 4048 pavor
506 3985 616 4027 manus
628 3972 659 4026 et
668 3962 728 4026 tela
741 3962 874 4025 militum
884 3959 1097 4036 cernentibus3
1117 3957 1211 4022 simul
1224 3959 1335 4043 ipsius

302 4058 462 4122 Thraseae
483 4056 669 4123 venerabilis
693 4056 815 4142 species
841 4053 1079 4130 obversabatur3
1107 4061 1139 4116 et
1160 4063 1251 4116 erant
1274 4057 1335 4138 qui

302 4150 486 4216 Helvidium
504 4172 628 4234 quoque
645 4150 880 4225 miserarentur,
898 4148 1045 4211 innoxiae
1062 4144 1233 4211 adfinitatis
1253 4169 1337 4232 poe·

302 4268 360 4311 nas
378 4245 537 4321 daturum3
555 4245 630 4326 quid
644 4242 821 4329 Agrippino
839 4242 995 4308 obiectum
1009 4241 1071 4306 nisi
1088 4240 1209 4304 tristem
1228 4243 1336 4327 patris
