2760 4874
424 411 631 473 ANNALIUM
648 414 723 470 LIB.
735 417 758 469 I.
777 413 896 470 6'8-71.
1126 405 1167 468 37

145 522 167 560 p.
176 509 219 549 Cb.
230 510 263 548 15.

144 578 240 652 visat,
264 576 355 660 signa
372 572 476 649 adeat,
499 571 694 657 largitionem
712 581 856 656 temptet,
879 581 1039 655 tamquam
1056 596 1167 657 parum

144 668 309 734 ambitiose
330 667 428 730 lilium
452 666 539 729 ducis
562 665 682 751 gregali
704 662 1031 730 habitu'circumferat
1049 665 1167 731 Caesa

143 783 272 846 remque
283 759 460 844 Caligulam
474 759 623 843 appellari
635 759 724 835 velit3
738 759 892 842 potiorem
905 759 967 823 iam
981 760 1066 843 apud
1079 783 1167 824 exer-

143 857 224 923 citus
237 854 448 940 Agrippinam
466 875 560 936 quam
577 852 707 938 legatos,
724 875 821 935 quam
839 854 949 931 duces;
968 875 1167 938 conpressam

143 975 162 1015 a
182 948 313 1012 muliere
336 946 533 1023 seditionem,
557 947 607 1010 cui
629 968 743 1010 nomen
763 946 912 1031 principis
935 946 1086 1011 obsistere
1103 970 1167 1012 non

142 1041 286 1127 quiverit.
322 1039 513 1120 accendebat
538 1039 616 1104 haec
643 1039 852 1122 onerabatque
880 1038 1029 1118 Seianus,
1056 1041 1167 1125 peritia

141 1159 266 1201 morum
288 1134 409 1201 Tiberii
430 1133 501 1199 odia
522 1134 562 1217 in·
580 1133 711 1218 longum
736 1133 853 1197 iaciens
880 1155 960 1217 quae
985 1135 1166 1200 reconderet

76 1291 77 1295 ,
142 1241 297 1313 auctaque
315 1237 479 1313 promeret.

206 1322 254 1387 At
267 1320 473 1388 Germanicus
491 1322 650 1408 legionum
668 1344 749 1405 quaa
764 1322 896 1388 navibus
910 1333 1038 1388 vexerat
1056 1345 1166 1388 secun·
1186 1346 1217 1392 vo

142 1420 216 1483 dam
234 1426 266 1481 et
282 1425 425 1500 quartam
447 1417 600 1481 decimam
621 1417 730 1481 itinere
752 1418 888 1482 terrestri
905 1417 943 1481 P.
963 1417 1089 1482 Vitellio
1108 1419 1166 1482 du·
1236 1476 1240 1493 ,

137 1511 258 1579 ‚cendas
276 1510 382 1586 tradit,
406 1530 468 1593 quo
485 1510 583 1574 levior
604 1511 713 1575 classis
736 1512 854 1576 vadoso
876 1512 956 1576 mari
976 1512 1097 1576 innaret
1115 1512 1166 1577 vel

141 1605 300 1688 reciproco
327 1603 451 1667 sideret.
482 1603 628 1668 Vitellius
649 1604 784 1688 primum
805 1605 864 1669 iter
881 1606 964 1670 sicca
989 1605 1086 1670 humo
1111 1615 1166 1670 aut

140 1697 263 1762 modice
276 1695 439 1761 adlabente
452 1708 542 1761 aestu
555 1697 694 1780 quietum
707 1695 829 1776 habuit3
848 1722 922 1763 mox
934 1699 1060 1784 inpulsu
1078 1698 1166 1782 aqui-

139 1789 231 1868 lonis,
246 1789 338 1855 simul
352 1790 452 1855 sidere
465 1790 662 1873 aequinoctii,
677 1813 739 1873 quo
753 1792 889 1860 maxime
902 1793 1047 1857 tumescit
1063 1790 1166 1857 Ocea·

139 1907 214 1961 nus,
240 1884 309 1968 rapi
335 1883 448 1969 agique
474 1906 603 1970 agmen3
630 1894 661 1949 et
682 1884 889 1969 opplebantur
913 1895 1027 1951 terrae:
1054 1886 1165 1951 eadem

68 1972 70 1975 ¹
139 1978 230 2054 freto,
249 1977 340 2054 litori,
359 1978 477 2062 campis
495 1978 603 2055 facies,
621 2000 724 2062 neque
737 1979 871 2044 discerni
888 1989 1031 2064 poterant
1047 1980 1166 2045 incerta

140 2071 180 2136 ab
199 2071 322 2149 solidis,
345 2071 453 2136 brevia
470 2095 489 2136 a
505 2071 685 2156 profundis3
708 2080 887 2138 sternuntur
904 2072 1064 2150 fluctibus,
1087 2073 1165 2137 hau-

138 2165 261 2228 riuntur
280 2164 477 2251 gurgitibus3
504 2166 656 2243 iumenta,
684 2167 838 2245 sarcinae,
865 2190 996 2252 corpora
1021 2167 1165 2231 exanima

138 2259 329 2336 interfluunt,
340 2268 518 2336 occursant3
531 2260 757 2343 permiscentur
765 2260 845 2324 inter
853 2282 887 2324 se
894 2260 1056 2344 manipuli,
1070 2261 1164 2324 modo

138 2361 279 2437 pectore,
306 2353 400 2417 modo
427 2375 480 2417 ore
506 2360 596 2417 tenus
623 2361 780 2430 extantes,
812 2353 979 2435 aliquando
1006 2352 1164 2417 subtracto

139 2446 209 2510 solo
226 2446 347 2510 disiecti
368 2455 423 2510 aut
444 2445 560 2523 obruti3
583 2468 646 2509 non
664 2468 728 2510 vox
744 2455 776 2510 et
792 2447 893 2510 mutui
914 2446 1054 2511 hortatus
1077 2446 1164 2511 iuva-

139 2539 219 2604 bant
237 2539 421 2603 adversante
438 2540 537 2617 unda3
563 2538 641 2608 nihil
653 2548 808 2603 strenuus
827 2539 868 2604 ab
885 2540 1014 2625 ignavo,
1038 2539 1163 2623 sapiens

138 2635 178 2698 ab
195 2633 397 2718 imprudenti,
425 2633 554 2697 consilia
572 2656 592 2696 a
613 2655 689 2697 casu
711 2633 849 2698 differre:
876 2642 988 2698 cuneta
1008 2633 1077 2717 pari
1098 2632 1164 2697 vio-

136 2726 234 2791 lentia
255 2726 502 2792 involvebantur.
530 2727 656 2791 tandem
678 2727 824 2792 Vitellius
846 2727 879 2791 in
901 2726 1031 2792 editiora
1057 2726 1163 2812 enisus

137 2818 251 2886 eodem
263 2843 377 2906 agmen
390 2820 553 2898 subduxit3
570 2832 792 2904 pernoctavere
806 2821 872 2886 sine
886 2820 1080 2898 utensilibus,
1097 2821 1163 2903 sine

137 2914 219 3000 igni,
238 2937 354 3000 magna
369 2937 442 2999 pars
461 2914 546 2977 nudo
565 2923 619 2978 aut
635 2915 772 2980 mulcato
790 2937 932 3000 corpore,
956 2915 1042 2980 haud
1059 2915 1163 2978 minus

137 3006 333 3072 miserabiles
359 3029 454 3090 quam
480 3029 560 3090 quos
590 3008 689 3073 hostis
717 3009 928 3074 circumsidet:
960 3010 1075 3094 quippe
1100 3009 1164 3072 illic

137 3101 234 3167 etiam
259 3101 409 3166 honestae
430 3101 539 3166 mortis
563 3123 654 3179 usus,
681 3102 730 3166 his
752 3102 920 3189 inglorium
942 3103 1081 3167 exitium.
1108 3102 1164 3165 lux

138 3196 275 3276 reddidit
291 3205 414 3274 terram,
432 3205 689 3281 penetratumque
708 3195 754 3260 ad·
766 3219 890 3261 amnem
905 3195 1085 3282 [Visurgin]
1100 3218 1163 3278 quo

140 3289 261 3356 Caesar
286 3291 387 3357 classe
409 3292 618 3356 contenderat.
649 3291 813 3374 impositae
835 3292 907 3355 dein
929 3291 1083 3376 legiones,
1109 3312 1164 3353 va-

138 3394 234 3470 gante
251 3386 337 3449 sama
354 3384 548 3464 submersas3
567 3406 626 3449 nec
642 3384 720 3449 fides
739 3385 847 3449 salutis
866 3394 1033 3468 antequam
1047 3382 1164 3447 Caesa·

138 3501 207 3542 rem
224 3479 456 3563 exercitumque
473 3481 620 3544 reducem
638 3479 753 3543 videre.

203 3572 274 3637 Iam
289 3571 456 3639 Stertinius
475 3575 515 3638 ad
533 3575 748 3659 accipiendum
765 3574 798 3638 in
816 3574 1005 3638 deditionem
1020 3569 1163 3655 Segime·
1182 3591 1212 3636 71

138 3688 220 3743 rum,
238 3665 366 3731 fratrem
382 3666 533 3752 Segestis,
551 3669 741 3752 praemissus
759 3669 863 3753 ipsum
882 3677 913 3731 et
929 3667 1028 3730 filium
1046 3664 1113 3751 eius
1131 3664 1164 3727 in

139 3759 299 3824 civitatem
316 3760 473 3839 Ubiorum
489 3763 690 3846 perduxerat:
714 3763 786 3825 data
803 3761 926 3843 utrique
943 3759 1048 3835 venia,
1071 3756 1163 3833 facile

142 3850 315 3938 Segimero,
335 3857 529 3921 cunctantius
547 3857 619 3933 filio,
638 3856 713 3938 quia
731 3855 874 3938 Quintilii
891 3854 969 3919 Vari
986 3875 1098 3938 eorpus
1116 3853 1164 3917 in-

139 3946 254 4012 lusisse
272 3948 443 4014 dicebatur.
471 3960 608 4015 oeterum
626 3951 667 4014 ad
685 3944 859 4034 supplenda
876 3947 1030 4013 exercitus
1049 3948 1164 4011 damna

140 4050 299 4106 certavere
322 4040 458 4122 Galbae,
480 4044 668 4129 Hispaniae,
690 4044 796 4121 Italia,
819 4044 905 4127 quod
925 4043 1038 4126 cuique
1058 4064 1163 4127 prom-

139 4144 243 4220 ptum,
267 4159 367 4215 arma,
391 4159 505 4223 equos,
528 4162 651 4217 aurum,
676 4139 857 4216 offerentem
883 4160 1016 4222 quorum
1037 4136 1162 4202 laudato
