2760 4874
252 394 292 458 12
600 402 782 460 CORNELII
795 400 926 457 TACITI

1164 501 1184 531 ι.
1195 502 1216 531 u.
1228 494 1273 532 767.

250 564 333 639 titur,
351 584 409 646 pro
421 559 572 624 Arruntio
590 559 717 643 quidam
728 557 787 623 Cn.
797 558 947 622 Pisonem
960 559 1115 625 tradidere
1121 584 1130 637 ;
1149 582 1274 624 omnes-

249 678 311 740 que
319 665 441 740 praeter
449 654 607 738 Lepidum
616 653 710 717 variis
720 675 795 716 mox
808 652 988 717 criminibus
998 661 1136 717 struente
1146 652 1275 719 Tiberio

248 749 452 816 circumventi
466 757 547 812 sunt.
571 747 665 811 etiam
675 745 715 828 Q.
730 746 881 811 Haterius
896 756 927 810 et
939 746 1119 813 Mamercus
1135 745 1275 813 Scaurus

250 844 444 929 suspicacem
465 841 604 906 animum
629 839 850 925 perstrinxere,
876 839 1027 906 Haterius
1049 862 1121 905 cum
1143 842 1277 906 dixisset

251 958 434 1021 „quousque
441 934 579 1020 patieris,
590 933 722 1010 Caesar,
736 956 799 997 non
808 934 919 999 adesse
932 949 1026 1019 caput
1033 935 1078 999 rei
1087 935 1274 1021 pubhcae?“

251 1029 388 1097 Scaurus
402 1029 476 1112 quia
493 1029 614 1091 dixerat
632 1049 720 1111 spem
733 1048 803 1091 esse
818 1048 858 1091 ex
874 1049 912 1091 eo
930 1050 995 1091 non
1011 1028 1120 1093 inritas
1138 1028 1207 1093 fore
1226 1051 1275 1093 se-

249 1134 340 1195 natus
357 1144 476 1207 preces,
495 1121 580 1204 quod
595 1119 738 1184 relationi
752 1120 916 1183 consulum
933 1121 1005 1205 iure
1018 1121 1202 1186 tribuniciae
1219 1144 1276 1206 po·

249 1216 369 1281 testatis
383 1237 447 1280 non
459 1213 695 1280 intercessisset.
714 1212 923 1277 inHaterium
937 1215 1042 1278 atatim
1054 1215 1197 1280 invectus
1212 1225 1274 1292 est;

251 1308 419 1385 Scaurum,
442 1309 493 1373 cui
514 1306 730 1392 inplacabilius
753 1306 958 1384 irascebatur,
986 1309 1108 1373 silentio
1131 1309 1274 1374 tramisit.

249 1401 557 1484 fessusqueclamore
567 1399 715 1476 omnium,
726 1400 974 1484 expostulatione
984 1394 1178 1488 singulorum
1186 1402 1276 1466 flexit

248 1495 412 1579 paulatim,
435 1516 498 1557 non
515 1506 550 1556 ut
567 1492 717 1557 fateretur
738 1493 856 1578 suscipi
874 1516 893 1557 a
911 1515 945 1557 se
962 1493 1141 1579 imperium,
1165 1495 1224 1559 sed
1241 1505 1275 1558 ut

248 1610 363 1673 negare
381 1597 412 1651 et
428 1586 532 1672 rogari
550 1586 712 1651 desineret.
736 1596 858 1652 constat
874 1586 1055 1665 Haterium,
1074 1611 1147 1653 cum
1164 1589 1275 1673 depre-

249 1681 340 1746 candi
349 1703 445 1744 causa
458 1679 609 1766 palatium
618 1680 775 1744 introisset
783 1680 1034 1764 ambulantisque
1043 1680 1161 1746 Tiberii
1170 1704 1276 1768 genua

249 1774 473 1850 advolveretur,
492 1794 589 1858 prope
607 1796 626 1837 a
643 1773 793 1838 militibus
811 1774 1024 1852 interfectum,
1036 1775 1110 1858 quia
1128 1774 1275 1839 Tiberius

249 1889 326 1932 casu
347 1890 387 1930 an
409 1867 553 1945 manibus
571 1866 639 1930 eius
657 1866 813 1950 inpeditus
835 1867 1023 1952 prociderat3
1045 1890 1148 1951 neque
1170 1878 1276 1932 tamen

248 1960 386 2046 periculo
399 1959 470 2024 talis
488 1960 547 2024 viri
564 1960 723 2045 mitigatus
742 1970 798 2037 est,
817 1962 916 2025 donec
930 1961 1080 2026 Haterius
1093 1962 1275 2048 Augustam

250 2064 351 2120 oraret
368 2055 498 2137 eiusque
516 2053 719 2118 curatissimis
738 2054 882 2139 precibus
901 2065 1123 2141 protegeretur.

202 2169 231 2215 14
314 2147 417 2211 Multa
430 2156 553 2232 patrum
571 2155 603 2210 et
619 2147 652 2209 in
664 2145 845 2232 Augustam
864 2148 1014 2213 adulatior
1033 2149 1085 2213 alii
1101 2159 1273 2234 parentem,

249 2241 301 2307 alii
318 2253 448 2305 matrem
466 2240 584 2325 patriae
602 2239 829 2324 appellandam,
841 2240 987 2325 plerique
1004 2251 1039 2304 ut
1055 2242 1174 2306 nomini
1193 2241 1275 2307 Cae-

249 2336 326 2401 saris
345 2335 572 2400 adscriberetur
583 2334 682 2397 Iuliae
700 2333 782 2398 filius
796 2334 978 2399 censebant:
996 2335 1048 2399 ille
1065 2336 1273 2401 moderandos

248 2429 434 2494 feminarum
448 2429 581 2492 honores
595 2428 740 2493 dictitans
751 2428 921 2511 eademque
935 2451 970 2493 se
983 2429 1187 2513 temperantia
1198 2452 1275 2494 usu-

248 2545 318 2587 rum
334 2523 368 2586 in
384 2522 433 2585 his
451 2543 532 2604 quae
550 2521 611 2586 sibi
628 2519 849 2597 tribuerentur,
873 2529 1011 2585 ceterum
1028 2523 1139 2586 anxius
1157 2524 1275 2587 invidia

249 2627 280 2681 ct
300 2615 451 2680 muliebre
474 2615 636 2700 fastigium
653 2615 686 2679 in
708 2615 951 2679 deminutionem
970 2615 1019 2680 sui
1040 2616 1212 2701 accipiens,
1234 2640 1275 2681 ne

248 2709 388 2783 lictorem
405 2709 531 2791 quidem
549 2709 579 2772 ei
596 2708 720 2773 decerni
737 2731 850 2794 passus
869 2719 917 2773 est
934 2732 1081 2792 aramque
1099 2711 1273 2794 adoptionis

248 2811 280 2867 et
296 2801 358 2865 alia
374 2800 590 2864 huiuscemodi
606 2801 774 2885 prohibuit.
797 2811 829 2865 at
847 2801 1036 2868 Germanico
1055 2802 1186 2868 Caesari
1201 2825 1275 2888 pro-

248 2895 410 2959 consulare
429 2894 592 2978 imperium
610 2895 733 2980 petivit,
757 2896 907 2979 missique
924 2896 1019 2982 legati
1036 2898 1091 2980 qui
1107 2898 1273 2975 deferrent,

249 2986 342 3053 simul
367 2988 554 3052 maestitiam
580 2987 647 3052 eius
674 2988 714 3053 ob
737 3011 902 3053 excessum
924 2988 1064 3076 Augusti
1090 2991 1273 3055 solarentur.

249 3103 311 3165 quo
329 3081 432 3146 minus
450 3082 534 3145 idem
551 3104 607 3166 pro
624 3082 733 3146 Druso
754 3084 977 3167 postularetur,
1001 3106 1038 3148 ea
1056 3106 1164 3161 eausa,
1188 3086 1273 3168 quod

248 3175 430 3260 designatus
458 3176 566 3240 consul
592 3176 718 3241 Drusus
745 3198 957 3263 praesensque
984 3186 1058 3242 erat.
1089 3178 1287 3243 candidatos·

247 3279 409 3354 praeturae
428 3270 593 3333 duodecim
610 3270 790 3347 nominavit,
809 3293 973 3335 numerum
991 3271 1030 3335 ab
1044 3270 1193 3356 Augusto
1211 3280 1274 3335 tra-

248 3361 362 3439 ditum3
389 3370 423 3425 et
441 3361 582 3426 hortante
609 3373 718 3428 senatu
739 3373 775 3427 ut
800 3373 942 3450 augeret,
970 3364 1036 3428 iure
1061 3364 1193 3429 iurando
1216 3365 1272 3429 ob·
1341 3423 1344 3428 .

253 3455 376 3520 strinxit
394 3477 428 3519 se
441 3478 503 3519 non
521 3477 732 3521 excessurum.

200 3570 229 3616 15
312 3549 395 3612 Turn
409 3549 543 3634 primum
557 3572 575 3614 e
588 3573 699 3635 campo
713 3551 838 3617 comitia
852 3552 1008 3637 adpatres
1023 3551 1171 3616 translata
1185 3561 1272 3616 sunt:
1340 3628 1342 3630 ,

246 3666 319 3707 nam
329 3643 447 3710 adeam
461 3643 553 3720 diem,
568 3645 626 3708 etsi
635 3645 798 3730 potissima
806 3645 932 3710 arbitrio
944 3646 1102 3730 principis,
1117 3647 1273 3728 quaedam

247 3746 352 3800 tamen
362 3737 471 3801 studiis
481 3737 617 3802 tribuum
630 3738 760 3816 fiebant3
774 3761 875 3821 neque
883 3739 1020 3824 populus
1029 3740 1210 3823 ademptum
1223 3740 1271 3803 ius

193 3866 195 3869 ·
247 3840 376 3912 questus
386 3838 433 3894 est
442 3831 596 3896 nisiinani
604 3854 736 3909 rumore,
751 3842 783 3896 et
792 3842 918 3897 senatus
931 3831 1147 3918 largitionibus
1157 3855 1194 3897 ac
1203 3855 1272 3917 pre-

248 3921 335 3986 cibus
350 3923 481 3988 sordidis
496 3925 656 4014 exsolutus
670 3925 771 3991 libens
781 3926 887 4001 tenuit,
902 3926 1081 3990 moderante
1091 3924 1219 3990 Tiberio
1232 3948 1272 3990 ne

247 4013 351 4098 plures
361 4037 455 4096 quam
464 4027 610 4099 quattuor
621 4018 804 4083 candidatos
815 4019 1054 4096 commendaret,
1070 4019 1136 4084 sine
1146 4019 1272 4105 repulsa

248 4117 278 4171 et
291 4107 411 4173 ambitu
423 4109 642 4195 designandos.
660 4113 741 4176 inter
753 4132 834 4195 quae
847 4111 961 4177 tribuni
974 4112 1077 4196 plebei
1089 4113 1228 4198 petivere
1237 4119 1270 4176 ut
