2760 4874
383 425 586 482 ANNALIUM
603 425 676 480 LIB.
691 425 744 481 lv.
761 427 881 481 67-70.
1081 417 1141 482 147

121 529 142 568 p.
154 515 237 557 CM&

120 585 268 650 omiserat
281 577 445 669 coniugem
458 581 634 665 liberosque
648 582 715 647 eius
723 582 891 667 percolere,
906 593 1040 650 sectator
1048 585 1142 664 domi,

120 700 225 745 comes
243 677 276 748 in
292 676 431 761 publico,
454 686 526 761 post
542 685 588 740 tot
605 675 732 740 clientes
750 696 845 752 unus,
870 698 968 760 eoque
986 679 1070 763 apud
1087 680 1144 745 bo-

119 794 177 837 nos
203 771 348 836 laudatus
375 780 415 856 et,
431 770 537 856 gravis
562 769 691 852 iniquis:
717 770 801 834 hunc
823 771 972 838 Latinius
993 773 1142 851 Latiaris,
1247 848 1249 852 ,

119 865 252 930 Porcius
272 863 366 942 Cato,
385 862 653 940 Petilius'Rufus,
676 861 723 927 M.
743 861 864 948 Opsius
881 875 1026 949 praetura
1043 865 1144 931 functi

120 958 356 1044 adgrediuntur,
380 957 524 1043 cupidine
542 957 735 1034 consulatus,
758 958 799 1021 ad
816 978 910 1041 quem
930 981 995 1023 non
1010 959 1071 1023 nisi
1087 982 1144 1045 per

122 1049 272 1117 Seianum
289 1051 407 1129 aditus3
429 1048 658 1134 nequeseiani
674 1050 819 1116 voluntas
837 1052 898 1116 nisi
916 1053 1031 1117 scelere
1048 1075 1144 1136 quae·

119 1143 254 1209 rebatur.
282 1144 489 1230 compositum
506 1144 586 1208 inter
607 1144 693 1229 ipsos
715 1153 751 1208 ut
767 1145 921 1223 Latiaris,
944 1146 999 1228 qui
1020 1147 1144 1212 modico

119 1260 180 1302 usu
203 1236 358 1302 Sabinum
384 1236 597 1323 contingebat,
625 1246 757 1303 strueret
782 1238 903 1316 dolum,
931 1239 1025 1303 ceteri
1047 1247 1143 1306 testes

120 1332 280 1409 adessent,
303 1332 416 1397 deinde
438 1331 667 1397 accusationem
688 1332 872 1418 inciperent:
894 1333 989 1419 igitur
999 1333 1143 1409 Latiaris

119 1426 220 1490 iacere
239 1425 383 1490 fortuitos
405 1427 540 1511 primurn
559 1448 731 1503 sermones,
754 1449 829 1491 mox
849 1427 977 1492 laudare
999 1435 1144 1516 constan-

118 1520 203 1597 tiam,
222 1519 308 1603 quod
320 1541 393 1596 non,
407 1528 443 1583 ut
455 1520 559 1597 ceteri,
573 1520 712 1584 florentis
726 1520 839 1584 domus
853 1521 972 1585 amicus
985 1519 1144 1585 adflictam

119 1613 322 1691 deseruisset3
347 1613 440 1678 simul
458 1614 576 1678 honora
596 1612 636 1677 de
655 1610 842 1678 Germanico
859 1612 1068 1700 Agrippinam
1085 1614 1144 1677 mi-

119 1729 227 1773 serans
248 1706 437 1784 disserebat3
464 1716 495 1771 et
516 1715 683 1792 postquam
705 1705 858 1784 Sabinus,
885 1715 921 1771 ut
943 1712 1016 1772 'sunt
1032 1708 1142 1772 molles

117 1802 152 1866 in
181 1801 355 1866 calamitate
380 1801 557 1866 mortalium
583 1801 694 1878 animi,
721 1801 833 1865 effudit
857 1800 1015 1879 lacrimas,
1042 1801 1143 1865 iunxit

118 1904 258 1978 questus,
277 1895 441 1960 audentius
453 1896 522 1959 ‘iam
539 1904 647 1960 onerat
665 1893 826 1972 Seianum,
846 1895 1016 1972 saevitiam,
1036 1917 1143 1978 super-

117 1989 214 2065 biam,
233 2010 311 2073 spes.
319 1989 400 2066 eius3
417 2011 457 2053 ne
470 1989 504 2053 in
516 1988 678 2053 Tiberium
690 1988 820 2070 quidem
833 1987 973 2052 convicio
992 1987 1127 2052 abstinet
1132 2013 1141 2064 3

118 2084 203 2167 iique
234 2106 407 2160 sermones,
442 2093 604 2166 tamquam
633 2083 731 2169 vetita
760 2083 973 2160 miscuissent,
1006 2084 1143 2167 speciem
1258 2081 1260 2085 '

119 2186 204 2241 artae
222 2177 374 2241 amicitiae
392 2177 503 2254 fecere,
522 2199 559 2241 ac
576 2177 639 2241 iam
654 2176 737 2240 ¹ultro
755 2173 893 2241 Sabinus
911 2197 1059 2259 quaerere
1076 2176 1143 2239 La-

118 2271 241 2346 tiarem,
267 2269 417 2334 ventitare
443 2270 584 2347 domurn,
611 2270 733 2334 dolores
757 2290 831 2334 suos
858 2268 949 2352 quasi
970 2269 1011 2332 ad
1028 2267 1142 2331 fidissi·

119 2385 206 2426 mum
224 2362 355 2427 deferre.

184 2455 370 2521 Consultant
387 2478 466 2539 qnos
485 2457 668 2537 memoravi,
688 2478 824 2540 quonam
841 2456 934 2520 modo
953 2477 990 2519 ca
1006 2454 1142 2539 plurium
1160 2471 1192 2520 69

120 2551 227 2614 auditu
244 2551 469 2635 acciperentur3
479 2574 562 2614 nam
579 2551 647 2615 loco
664 2551 697 2614 in
709 2572 803 2634 quem
821 2549 970 2626 coibatur,
990 2548 1144 2613 servanda

121 2642 294 2708 solitudinis
309 2643 420 2721 facies3
440 2652 470 2707 et
488 2644 516 2708 si
528 2666 610 2728 pone
624 2644 707 2708 fores
721 2643 916 2719 adsisterent,
935 2645 1033 2706 metui
1044 2641 1141 2717 visus,

121 2737 240 2802 sonitus
259 2746 313 2801 aut
334 2737 415 2801 sorte
433 2746 518 2802 ortae
541 2738 735 2823 suspiciones
754 2745 855 2802 erantr
877 2738 995 2801 tectum
1015 2736 1096 2800 inter
1112 2744 1143 2799 ct

120 2830 279 2913 laquearia
300 2840 363 2895 tres
381 2839 555 2909 senatores,
576 2832 662 2913 haud
683 2831 786 2895 minus
805 2831 888 2916 turpi
908 2829 1028 2894 latebra
1049 2851 1144 2911 quam

121 2921 304 2987 detestanda
325 2923 449 3002 fraude,
473 2945 543 2990 sese
561 2924 746 2991 abstrudunt
752 2949 761 3001 ;
783 2922 987 2989 foraminibus
1009 2930 1040 2986 et
1056 2921 1143 2985 rimis

121 3038 228 3080 aurem
259 3017 441 3094 admovent3
457 3017 590 3082 interea
615 3018 753 3082 Latiaris
779 3027 936 3103 repertum
961 3017 993 3080 in
1018 3015 1143 3101 publico

123 3107 291 3186 Sabinum,
314 3111 400 3174 velut
420 3133 529 3176 recens
551 3112 675 3198 cognita
697 3120 890 3187 narraturus,
914 3111 1041 3174 domum
1063 3117 1095 3172 et
1110 3109 1144 3173 in

122 3203 300 3270 cubiculum
320 3204 429 3283 trahit3
455 3207 682 3290 praeteritaque
704 3215 735 3269 et
756 3204 915 3279 instantia,
939 3224 1071 3286 quorum
1088 3201 1144 3266 ad-

122 3295 212 3360 fatim
229 3296 327 3381 copia,
345 3320 443 3363 novos
463 3307 594 3364 terrores
609 3298 746 3363 cumulat
751 3323 760 3376 ;
780 3299 890 3362 eadem
902 3296 954 3360 ille
972 3305 1003 3360 et
1016 3294 1142 3370 diutius,

122 3398 238 3472 quanto
255 3399 383 3468 maesta,
402 3391 457 3456 ubi
475 3393 571 3456 semel
588 3414 772 3477 prorupere,
792 3390 949 3454 difficilius
966 3388 1143 3453 reticentur.

121 3491 286 3567 properata
306 3484 379 3548 inde
401 3486 573 3563 accusatio,
596 3485 763 3568 missisque
785 3483 826 3548 ad
844 3481 1013 3547 Caesarem
1034 3479 1143 3553 litteris

122 3577 262 3640 ordinem
274 3577 393 3642 fraudis
407 3601 562 3662 suumque
577 3580 639 3664 ipsi
652 3580 786 3643 dedecus
799 3597 972 3640 narravere.
990 3596 1053 3638 non
1066 3572 1144 3637 alias

122 3671 223 3756 magis
236 3671 330 3735 anxia
347 3681 377 3736 et
389 3695 507 3758 pavens
526 3673 645 3750 civitas,
664 3681 772 3758 tegens
791 3671 956 3736 adversum
969 3667 1142 3753 proximos:

123 3785 319 3849 congressus,
335 3766 506 3849 conloquia,
520 3777 612 3832 notae
625 3768 810 3852 ignotaeque
824 3786 914 3828 aures
928 3761 1031 3838 vitari3
1050 3760 1144 3826 etiam

122 3865 209 3920 muta
234 3866 327 3941 atquc
357 3859 507 3937 inanima,
538 3869 654 3925 tectum
685 3868 716 3924 et
740 3859 875 3943 parietes
903 3856 1144 3939 circumspecta-

123 3948 244 4015 bantur.

188 4040 254 4109 Sed
272 4043 391 4111 Caesar
408 4046 570 4111 sollemnia
585 4044 759 4129 incipientis
778 4044 853 4108 anni
869 4041 1011 4108 kalendis
1029 4041 1143 4109 Ianua-
1162 4059 1194 4107 ro

123 4136 177 4201 riis
194 4138 328 4223 epistula
344 4149 502 4226 precatus,
525 4139 617 4204 vertit
633 4139 667 4203 in
685 4135 851 4216 Sabinum,
869 4145 1031 4221 corruptos
1049 4156 1144 4227 quos-

912 4236 973 4302 10*
