2760 4874
412 333 894 394 AuuAL1uun1u11.12-1s.
1121 321 1165 387 49

135 443 157 482 p.
167 429 210 471 cu
219 431 255 470 ιι.

136 520 233 563 omen
256 505 288 560 et
309 493 507 560 matrimonia
528 515 566 557 ac
586 493 736 579 pecunias
758 491 897 557 hostium
917 493 1053 577 praedae
1070 492 1165 559 desti·

137 602 235 656 nare?
247 589 340 655 tertia
355 588 455 653 ferme
472 585 581 674 vigilis
598 586 790 652 adsultatum
807 596 856 652 est
873 587 984 653 castris
1004 587 1071 652 sine
1092 608 1165 653 con·

138 689 222 754 iectu
231 685 308 764 -teli,
335 694 502 771 postquam
523 681 648 748 crebras
669 705 726 767 pro
748 680 947 747 munimentis
970 682 1112 748 cohortes
1134 696 1166 747 et

138 782 216 849 nibil
233 781 403 846 remissum
421 800 555 844 sensere.

201 875 277 941 Nox
294 874 405 938 eadem
421 861 535 937 laetam
553 868 743 938 Germanico
760 871 928 955 quietemt
915 871 999 949 tulit,
1026 872 1166 956 viditque
1185 889 1215 936 ιι

141 993 174 1037 se
192 977 358 1055 operatum
376 976 407 1031 et
420 967 572 1052 sanguine
586 965 667 1030 sacri
679 987 824 1051 respersa
834 973 997 1051 praetexta
1009 966 1166 1059 pulchrio-

140 1086 207 1130 rem
233 1063 329 1127 aliam
355 1060 500 1127 manibus
531 1059 621 1124 aviae
646 1057 815 1147 Augustae
845 1060 1019 1146 accepissc3
1054 1071 1165 1126 auctus

141 1161 246 1226 omine
264 1156 481 1222 addicentibus
500 1155 648 1241 auspiciis
664 1163 757 1219 vocal
775 1154 950 1219 contionem
968 1165 999 1219 ιι
1016 1177 1098 1239 quae
1116 1176 1167 1221 sa·

141 1253 260 1341 pientia
285 1251 412 1338 provisa
437 1259 571 1335 aptaque
593 1248 768 1313 imminenti
788 1266 915 1335 pugnae
937 1249 1076 1315 disserit:
1049 1258 1167 1315 tnon

142 1369 271 1432 campos
295 1344 389 1410 modo
411 1344 504 1408 militi
525 1344 670 1408 Romano
692 1344 733 1407 ad
747 1343 906 1428 ,proelium
923 1342 1037 1422 bonos,
1064 1344 1121 1410 sed
1139 1345 1166 1409 si

141 1439 330 1516 ratioadsit,
344 1437 440 1503 silvas
454 1446 485 1502 et
498 1437 611 1515 sultus3
629 1458 688 1502 nec
706 1437 789 1501 enim
805 1437 947 1502 inmensa
963 1437 1166 1503 barbarorum

143 1545 245 1612 scuta,
282 1531 418 1597 enormis
444 1531 552 1596 hastas
578 1532 659 1595 inter
684 1539 810 1596 truncos
841 1531 987 1596 arborum
1017 1541 1048 1597 et
1074 1543 1167 1597 enata

142 1629 238 1692 humo
251 1625 389 1712 virgulta
400 1625 529 1710 perinde
542 1624 650 1689 haberi
664 1646 758 1708 quam
775 1626 840 1711 pila
857 1635 888 1690 et
904 1626 1026 1712 gladios
1045 1635 1076 1690 et
1092 1627 1167 1691 hae-

141 1723 242 1788 rentia
259 1720 382 1806 corpori
403 1719 554 1805 tegmina:
581 1719 748 1784 denserent
768 1720 864 1797 ictus,
892 1743 947 1784 ora
964 1720 1165 1786 mucronibus

142 1823 340 1901 quaererent·
358 1836 422 1878 non
437 1813 566 1878 loricam
584 1810 757 1891 Germano,
775 1836 838 1878 non
855 1815 993 1900 galeam3
1019 1838 1059 1881 ne
1078 1825 1167 1882 scuta

141 1910 270 1995 quidem
287 1908 372 1973 ferro
387 1930 523 1973 nervove
536 1908 639 1972 firma
626 1917 668 1985 ι
688 1909 791 1973 sed
761 1909 912 1973 vrminum
931 1919 1034 1975 textus
1052 1910 1104 1976 vel
1121 1921 1167 1975 ιι-

141 2003 211 2070 nuis
235 2012 267 2069 ιι
288 2003 410 2068 fucatas
433 2003 535 2067 colore
556 2001 694 2081 tabulas3
720 2003 854 2089 primam
875 1998 1044 2114 utcumque
1066 2005 1165 2070 aciem

141 2097 308 2175 hastatum,
327 2097 437 2163 ceteris
458 2106 606 2181 praeusta
623 2106 677 2161 aut
694 2096 803 2162 brevia
820 2098 981 2176 tela31am
999 2121 1112 2183 eorpus
1133 2109 1168 2162 ιιι

127 2194 213 2258 visu
235 2202 359 2257 torvum
381 2201 413 2257 ιι
438 2192 479 2257 ad
499 2191 658 2257 brevem
648 2202 800 2278 impetum
826 2193 979 2270 validum,
1008 2194 1053 2257 sic
1079 2192 1165 2256 nulla

141 2287 379 2351 vulnerumt
324 2308 366 2372 pa
366 2286 487 2350 tientia:
510 2285 577 2350 sinc
594 2286 713 2371 pudore
730 2285 898 2372 flagitii,
873 2308 940 2350 srne
959 2308 1034 2349 eura
1050 2286 1167 2351 ducum

141 2381 242 2456 abire,
262 2379 385 2466 fugere,
403 2380 707 2465 pavidos'udversis,
725 2381 806 2445 inter
823 2380 962 2466 secunda
978 2402 1041 2445 non
1059 2379 1166 2457 divini,

140 2498 206 2542 non
231 2474 361 2538 humani
386 2473 470 2539 iuris'
484 2496 649 2541 memores.
680 2474 708 2539 si
733 2474 836 2539 taedio
861 2474 983 2538 viarum
1010 2496 1046 2538 ao
1071 2473 1166 2539 maris

141 2569 240 2651 finem
264 2568 405 2653 cupiant,
432 2567 492 2632 hac
517 2568 592 2633 acie¹
610 2569 727 2654 parari:
761 2567 939 2654 propiorem
968 2568 1031 2632 iam
1057 2563 1168 2632 Albim

142 2685 239 2749 quam
256 2663 417 2740 Rhenum,
444 2685 546 2747 neque
566 2664 684 2729 bellum
701 2663 913 2740 ultra,·modo
932 2685 980 2741 se,
997 2663 1095 2750 patris
1112 2685 1169 2749 pa-

142 2757 268 2841 truique
285 2757 420 2843 vestigia
431 2766 634 2843 prementem
652 2758 753 2823 isdem
767 2758 799 2821 in
813 2757 902 2822 terris
915 2758 1064 2823 victorem
1079 2759 1169 2824 siste-

142 2860 222 2918 rent.
245 2851 426 2916 ·orationem
444 2851 533 2917 ducis
552 2859 679 2917 secutus
698 2852 833 2917 militum
850 2853 956 2931 ardor,
981 2853 1167 2940 signumque
1188 2877 1218 2922 ιι

142 2967 270 3032 pugnae
288 2944 405 3010 datum.
498 2966 501 2970 ·

208 3038 276 3104 Nec
292 3037 457 3129 Arminius
475 3050 529 3104 aut
546 3039 642 3104 ceteri
660 3037 889 3107 Germanorum
910 3062 1055 3127 proceres
1078 3041 1170 3106 ornit-

144 3134 253 3201 tebant
279 3157 353 3200 suos
380 3135 512 3245 quisque
534 3134 654 3213 testari,
680 3135 739 3201 hos
762 3158 833 3201 esse
857 3136 1017 3201 Romanos
1039 3135 1170 3201 Variani

144 3222 301 3313 exercitus
326 3228 563 3315 fugacissimos,
590 3229 646 3313 qui
670 3251 710 3294 ne
736 3229 855 3295 bellum
882 3230 1060 3307 tolerarent,
1089 3229 1171 3294 sedl-

145 3324 263 3388 tionem
283 3302 453 3403 induerint,
480 3345 613 3407 quorum
637 3345 711 3408 pars
733 3333 846 3388 onusta
868 3323 1048 3388 vulneribus
1070 3332 1169 3407 terga,

144 3439 227 3503 pars·
237 3414 389 3482 fluctibus
412 3427 443 3481 ιι
468 3417 612 3502 procellis
639 3417 719 3482 fract
706 3426 755 3482 tos
782 3427 868 3482 artus
890 3417 1023 3482 infensis
1044 3438 1170 3481 rursum

144 3509 304 3589 hostibus,
332 3511 472 3576 adversis
491 3512 539 3576 dis
563 3511 711 3588 obiciant,
734 3511 820 3585 nulla
841 3509 917 3576 boni
940 3532 1010 3595 spe:
1037 3511 1170 3575 classem

145 3604 263 3690 quippe
280 3613 311 3669 et
329 3605 399 3669 avia
409 3603 531 3685 Oceani
544 3604 695 3688 quaesita,
714 3605 837 3689 nequis
852 3603 1048 3669 venientibus
1063 3626 1171 3682 occur-
1215 3633 1218 3638 *

145 3706 241 3776 reret,
273 3720 313 3764 ne
338 3696 447 3785 pulsos
472 3709 642 3784 premeret3
678 3699 735 3764 sed
759 3699 815 3764 ubi
840 3699 1022 3763 miscuerint
1047 3720 1169 3776 munus,

145 3793 238 3857 inane
263 3792 354 3858 victis
376 3802 549 3858 ventorum.
565 3815 763 3858 remorumve
791 3792 976 3859 subsidium.
1011 3792 1171 3857 'meminis-

147 3895 218 3950 sent
234 3887 328 3951 modo
346 3885 503 3970 avaritiae,
522 3887 723 3964 crudelitatis,
742 3886 921 3972 superbiae:
941 3885 1105 3953 aliud'sibi
1121 3909 1171 3951 re-

146 3977 271 4064 liquum
284 3978 381 4064 ‘quam
397 3989 502 4049 tenere
519 3977 694 4047 libertatem
711 3991 765 4046 aut
782 3981 951 4047 moriente
970 3978 1150 4048 servitium?

214 4071 270 4140 Sic
296 4072 452 4141 accensos⁴
471 4084 503 4140 et
527 4075 680 4162 proelium
704 4085 870 4162 poscentes
891 4076 924 4142 in
946 4096 1100 4164 eampum*
1119 4076 1170 4142 cui
1190 4095 1220 4142 ιι

204 4191 354 4236 rectumst.
982 4186 1001 4242 4
