2760 4874
218 364 280 429 100
563 366 747 424 CORNELII
761 364 896 420 'PACITI

1134 465 1146 493 a
1165 466 1185 494 u.
1196 457 1242 496 trs.

215 533 278 599 tela
300 539 386 608 sunt·;
409 524 566 596 tutamur
583 546 601 589 e
619 523 753 589 servitiis
775 523 968 608 gladiaturae
991 523 1150 600 destinati,
1174 524 1243 607 qui-

215 629 275 695 bus
297 647 383 691 more
404 608 529 711 galitico
552 619 733 686 continuum
750 618 824 682 ferri
846 618 996 704 tegimen:
1020 617 1242 703 cruppellarios

216 730 342 798 vocant,
369 715 540 783 inferendis
561 712 675 779 ictibus
703 712 871 789 inhabiles,
899 713 1088 798 accipiendis
1114 713 1242 799 inpene-

216 815 352 881 trabiles.
384 810 581 898 augebantur
606 830 661 875 eae
687 807 794 893 copiae
820 807 994 872 vicinarum
1021 807 1180 872 civitatum
1207 819 1242 871 ut

216 910 354 975 nondum
376 915 483 992 aperta
504 902 722 979 consensione,
746 901 791 966 ita
811 901 927 966 viritim
948 901 1100 986 promptis
1119 901 1241 978 studiis,

216 1013 247 1069 et
264 1001 432 1068 certamine
449 999 566 1063 dueum
582 996 810 1073 Romanorum,
830 994 1009 1079 quosjnter
1025 994 1243 1081 ambigebatur

215 1107 347 1181 utroque
360 1095 478 1161 bellum
491 1089 552 1157 sibi
563 1099 726 1176 poscente:
744 1112 821 1155 mox
833 1088 934 1155 Varro
946 1088 1102 1154 invalidus
1116 1099 1242 1154 senecta

216 1191 335 1277 vigenti
353 1187 432 1255 Silio
450 1185 614 1253 concessit.

167 1308 198 1354 44
279 1283 326 1350 At
342 1283 464 1349 Romae
485 1301 549 1345 non
566 1279 721 1345 Treveros
744 1281 838 1345 modo
861 1289 892 1345 et
909 1279 1055 1357 Aeduos,
1078 1281 1242 1364 sedquat·

215 1389 286 1445 tuor
307 1387 338 1443 et
360 1373 525 1462 sexaginta
543 1371 717 1440 Galliarum
740 1376 880 1441 civitates
903 1375 1088 1453 descivisse,
1115 1363 1261 1439 adsum?

214 1483 286 1560 ptos
307 1473 349 1539 in.
363 1471 543 1536 societatem
562 1466 752 1548 Germanos,
776 1470 889 1535 dubias
907 1469 1096 1555 Hispanias,
1120 1476 1240 1544 camcta,

216 1578 336 1633 ulmos
354 1565 467 1641 famae,
485 1563 519 1627 in
536 1562 637 1628 mains
655 1563 786 1641 credita3
805 1573 953 1649 optumus
968 1565 1104 1648 quisque
1122 1562 1167 1627 rei
1184 1585 1242 1647 pu-

216 1662 315 1727 blicae
333 1682 408 1725 cura
425 1650 597 1736 maerebat3
621 1657 712 1721 multi
729 1657 801 1723 odlo
818 1658 1030 1744 praesentium
1048 1666 1079 1722 et
1097 1657 1243 1743 cupidine
1251 1672 1295 1729 ,ι

215 1754 396 1844 mutationis
415 1752 480 1818 suis
499 1773 624 1847 quoque
636 1751 783 1838 periculis
800 1752 1006 1830 laetabantur,
1023 1750 1242 1836 increpabant-

216 1872 281 1935 que
295 1849 457 1915 Tiberium
478 1848 564 1932 quod
584 1848 726 1913 intanto
747 1871 852 1920 rerum
873 1858 961 1918 motu
983 1847 1095 1914 libellis
1113 1870 1242 1912 accusa-

216 1946 319 2010 torum
348 1944 519 2009 insumeret
544 1964 685 2029 operam:
717 1955 811 2008 anet
838 1941 1051 2008 Sacrouirum
1069 1941 1241 2007 maiestatis

216 2040 344 2105 crimine
361 2061 449 2104 reum
466 2038 499 2102 in
517 2046 628 2102 senatu
640 2037 732 2103 fore?
758 2037 899 2105 extitisse
917 2039 1045 2102 tandem
1061 2037 1160 2115 viros,
1188 2033 1256 2121 qui‘
1295 2072 1335 2126 lja
1369 2031 1370 2039 '

147 2151 150 2156 ’
216 2144 359 2198 cruentas
382 2133 531 2218 epistulas
554 2131 648 2196 armis
671 2130 864 2197 cohiberent:
891 2132 1037 2197 miseram
1059 2152 1169 2216 pacem
1190 2129 1243 2194 vel
1301 2148 1326 2187 a

215 2228 297 2295 bello
314 2227 395 2293 bene
408 2226 536 2292 mutari.
562 2234 648 2290 tanto
666 2225 827 2315 inpensius
844 2226 878 2290 in
894 2226 1097 2291 securitatem
1115 2247 1242 2310 compo-
1301 2253 1303 2257 ⁷

216 2323 305 2400 situs,
323 2344 425 2406 neque
442 2321 511 2387 loco
528 2343 630 2404 neque
647 2321 736 2384 vultu
753 2330 882 2399 mutato,
902 2322 959 2387 sed
975 2330 1011 2386 ut
1029 2320 1167 2398 solitum,
1185 2340 1242 2406 per

215 2416 292 2481 illos
304 2416 371 2481 dies
385 2416 459 2502 egit,
477 2415 638 2481 altitudine
652 2413 756 2493 animi,
775 2438 816 2479 an
834 2424 1015 2501 conpererat
1030 2412 1155 2480 modica
1172 2435 1242 2480 esse

216 2520 247 2574 et
263 2505 405 2596 vulgatis
418 2509 545 2575 leviora.
979 2543 982 2551 f

165 2624 197 2671 4-5
278 2603 409 2668 Interim
428 2602 525 2668 Silius
545 2626 617 2669 cum
634 2605 809 2691 legionibus
828 2604 950 2669 duabus
967 2604 1130 2681 incedens,
1152 2625 1242 2688 prae-

214 2698 313 2762 missa
325 2698 467 2762 auxiliari
480 2721 575 2762 manu
587 2709 691 2763 vastat
705 2697 923 2785 Sequanorum
936 2722 1046 2785 pagos,
1065 2698 1120 2782 qui
1132 2698 1242 2762 finium

215 2790 346 2855 extremi
372 2801 403 2855 et
428 2789 550 2856 Aeduis
582 2793 765 2857 contermini
796 2794 934 2877 sociique
959 2794 993 2857 iu
1018 2794 1240 2868 amiserant,

203 2907 290 2962 mox
297 2883 567 2970 Augustodunum
578 2887 657 2972 petit
666 2910 798 2973 propero
813 2889 948 2974 agmine,
963 2888 1152 2954 certantibus
1161 2887 1242 2950 inter

215 3001 250 3043 se
272 2978 444 3064 signiferis,
472 2979 623 3044 fremente
645 2982 740 3046 etiam
765 2982 908 3069 gregario
934 2983 1097 3059 militene
1120 2991 1242 3046 suetam

214 3072 367 3156 requiem,
394 3095 434 3137 ne
456 3073 557 3158 spatia
582 3074 721 3140 noctium
746 3077 953 3162 opperiretur:
980 3077 1122 3141 viderent
1147 3075 1242 3139 modo

215 3166 364 3232 adversos
382 3175 414 3231 et
435 3167 662 3252 aspicerentur3
684 3171 717 3235 id
741 3172 815 3235 satis
838 3172 879 3236 al
896 3171 1067 3237 victoriam.
1094 3168 1243 3234 duodeci·
1299 3206 1300 3209 =

215 3283 302 3325 mum
327 3261 411 3345 apud
436 3261 572 3346 lapidem
595 3261 744 3331 Sacrovir
767 3265 937 3350 copiaeque
962 3264 1141 3351 patentibus
1163 3263 1242 3328 loeis

215 3377 386 3441 apparuere
392 3381 400 3434 ;
427 3356 469 3429 in,
477 3355 612 3422 frontem
631 3368 779 3423 statuerat
796 3358 927 3425 ferratos
933 3407 942 3438 ,
968 3360 1003 3425 in
1023 3357 1170 3424 cornibus
1189 3379 1243 3421 co-

196 3449 334 3527 nones,
362 3474 381 3514 a
403 3459 491 3536 tergo
514 3473 699 3530 semermos3
725 3453 793 3537 ipse
815 3453 896 3517 inter
916 3453 1067 3539 primores
1090 3473 1173 3536 equo
1194 3451 1243 3514 in-

106 3615 110 3623 ,
216 3544 299 3630 signi
320 3544 615 3625 adire,‚memorare
637 3553 758 3611 veteres
778 3544 942 3612 Gallorum
964 3547 1079 3634 glorias
1097 3541 1242 3629 quaeque
1290 3536 1321 3593 ‘st

214 3637 365 3703 Romanis
389 3639 521 3704 adversa
542 3639 734 3719 intulissent3
761 3661 856 3724 quam
877 3641 992 3706 decora
1012 3639 1183 3706 victoribus
1205 3639 1244 3702 li-

164 3750 196 3798 46
214 3730 336 3811 bertas,
348 3742 464 3817 quanto
481 3733 693 3800 intolerantior
707 3736 839 3801 servitus
852 3736 965 3800 iterum
982 3736 1082 3801 victis.
1104 3757 1170 3799 non
1187 3734 1243 3797 diu

215 3825 296 3890 haec
314 3849 384 3892 nec⁴
399 3829 483 3913 apud
504 3828 602 3895 laetos
624 3867 666 3876 —
688 3831 802 3894 etenim
826 3829 1056 3916 propinquabat
1080 3828 1242 3914 legionum

215 3920 298 3984 acies
321 3946 377 3999 -÷;
404 3921 615 4007 inconditique
637 3946 675 3989 ao
696 3925 823 3997 militiae
845 3926 944 3991 nescii
969 3924 1117 4012 oppidani
1137 3943 1241 4006 neque

215 4012 313 4080 oculis
331 4025 432 4098 neque
450 4017 577 4082 auribus
595 4017 671 4082 satis
690 4019 904 4104 conpetebant.
928 4028 1035 4085 contra
1054 4016 1163 4093 Silius,
1181 4015 1241 4081 etsi

214 4118 415 4193 praesumpta
433 4131 505 4195 spes
519 4111 663 4177 hortandi
680 4135 791 4180 causas
811 4122 977 4192 exemerat,
997 4110 1176 4178 clamitabat
1194 4120 1241 4176 ta-
