2760 4874
228 370 292 435 {llll
575 374 760 431 coenatu
772 372 905 433 Taeter
1345 366 1350 447 l

1104 480 1127 511 a.
1135 480 1159 511 n.
1167 472 1211 512 att.
1219 472 1258 513 81⁰.

226 538 376 613 arderent,
399 546 486 599 extra
504 534 644 599 ordinem
666 532 801 599 honores
822 532 989 619 promisit3
1015 536 1075 603 sed
1096 538 1204 603 deerat
1218 563 1261 605 ro-

226 632 285 697 bur
297 630 417 705 aetatis,
431 652 503 693 eum
516 628 651 713 primum
664 626 882 713 magistratum
896 631 1163 715 capessentibus:
1176 634 1260 719 igitur
1349 640 1352 681 ἒ

224 728 310 798 Nm
326 736 468 813 paratura
486 722 667 808 petunctus
684 734 716 785 ct
733 722 926 807 experientia
942 723 1104 809 probatos
1122 726 1243 815 delegit

176 842 208 885 :ro
288 818 467 883 Danrnatua
482 816 582 879 isdem
595 814 776 881 consulibus
789 814 967 901 Vipsanius
981 818 1122 886 Laenas
1139 820 1181 886 ob
1195 820 1261 886 Sar·

224 916 341 979 diniam
360 910 551 997 prmineium
568 930 662 973 arare
679 908 832 987 habitom3
851 908 1026 977 absolutus
1046 910 1179 980 Cestius
1192 913 1261 979 Pro·
1352 904 1357 971 l

224 1008 314 1071 enlin
341 1003 596 1089 repetundarum,
628 1000 831 1067 Cretensibus
857 1003 1110 1085 accusantibus3
1138 1006 1260 1073 Clodius

225 1098 411 1185 Quirinalis,
437 1098 523 1181 qnod
548 1096 726 1181 praefectus
747 1096 903 1183 remigum
926 1098 985 1181 qui
1008 1098 1190 1167 Ravennae
1214 1101 1261 1165 ha·
1351 1180 1354 1185 Ι

225 1196 384 1268 iterentur,
408 1191 491 1255 velut
515 1191 655 1253 intimam
676 1190 837 1253 nationum
858 1188 990 1257 Italiam
1014 1192 1149 1260 luxuria
1171 1196 1261 1261 saeri-

224 1290 328 1371 tiaqne
343 1286 567 1359 utilietarisset,
582 1306 703 1347 veneno
716 1282 951 1349 damnationem
964 1288 1094 1353 anteiit.
1116 1288 1259 1355 Caninius

223 1382 370 1458 Rebilus,
389 1404 428 1445 ex
447 1378 634 1465 prirnoribus
655 1378 767 1463 peritia
781 1376 890 1465 legum
912 1388 946 1443 et
962 1382 1131 1467 pecuniae
1149 1386 1261 1472 magui·

225 1478 345 1553 tudine,
375 1475 531 1537 enreiatns
553 1493 667 1557 aegrae
693 1483 837 1536 senectae
859 1472 960 1539 misso
986 1496 1051 1559 per
1073 1500 1178 1545 venas
1199 1502 1260 1545 sau·

223 1570 318 1653 garino
337 1568 462 1651 ell'ugit,
486 1566 570 1631 lnurd
587 1566 723 1629 creditus
746 1564 892 1631 sufficere
910 1566 953 1631 ad
975 1572 1200 1637 constantiam
1216 1595 1260 1638 su·

224 1662 355 1725 uwndae
382 1660 503 1735 ruentis,
531 1658 572 1723 ob
596 1658 742 1723 libidines
767 1658 961 1725 muliebriter
986 1662 1143 1744 infamis;
1170 1677 1202 1732 at
1224 1666 1259 1731 L.

226 1754 375 1819 l'oltnins
402 1754 530 1837 egregia
555 1754 641 1817 tiuna
666 1752 835 1831 concessit,
862 1753 914 1820 cui
940 1764 1008 1823 tres
1033 1768 1069 1831 ,et
1093 1761 1259 1848 nonaginta
1349 1778 1352 1797 ¹

223 1848 296 1913 nturi
319 1847 453 1932 spatium
481 1846 607 1911 vivendi
632 1846 880 1933 praecipuaeque
906 1870 985 1935 opes
1013 1848 1114 1919 bonis
1138 1854 1258 1931 artibus

224 1942 379 2006 inettema
397 1952 442 2003 tot
460 1941 681 2025 imperatorum
699 1940 818 2005 malitia
835 1941 904 2007 tuit.

174 2060 203 2105 31
288 2036 414 2101 Narrant:
432 2058 552 2109 irarum,
576 2036 616 2097 la.
640 2034 754 2099 Pisone.
777 2034 960 2101 consulibus
980 2058 1092 2123 pauca
1115 2042 1258 2107 memoria
1345 2028 1348 2063 ἶ

224 2132 321 2217 digna
341 2152 487 2205 evenere,
515 2128 575 2191 nisi
602 2128 653 2191 eui
678 2127 775 2193 libeat
796 2126 962 2195 laudandis
988 2130 1214 2201 fundamentis
1232 2144 1258 2199 et

224 2223 379 2299 trabibus,
402 2222 473 2305 quis
496 2221 611 2285 molem
633 2220 855 2306 amphitheatri
872 2222 959 2307 apud
975 2236 1135 2313 flmpum
1152 2226 1257 2293 Martis

225 2317 346 2384 Caesar
372 2326 563 2391 extruxerat,
592 2314 750 2381 volumina
774 2315 918 2401 implere,
945 2338 1022 2383 cum
1045 2342 1089 2385 ex
1112 2322 1257 2409 dignitate

223 2411 331 2497 populi
349 2409 483 2475 Romani
504 2422 661 2493 repertum
684 2409 724 2473 sit
745 2430 796 2473 res
817 2408 954 2475 illustres
977 2413 1170 2494 annalibus,
1192 2415 1257 2481 talia

224 2506 342 2570 diurnis
365 2503 451 2567 urbis
474 2503 550 2566 actis
569 2502 726 2567 mandare.
754 2512 892 2567 ceterum
913 2502 1060 2571 coloniae
1081 2506 1198 2595 Capua
1218 2518 1257 2573 at·

224 2623 285 2682 qne
299 2598 433 2662 Nuceria
446 2596 559 2660 additis
574 2596 728 2660 veteranis
741 2596 882 2662 firmatae
896 2606 984 2675 sunt;
1001 2599 1178 2686 plebeique
1191 2624 1256 2667 con-

224 2693 356 2775 giarium
371 2690 577 2775 quadringeni
590 2689 711 2753 nummi
723 2690 838 2755 viritim
851 2690 925 2769 dati,
939 2700 972 2755 et
986 2695 1176 2761 sestertium
1189 2719 1256 2781 qua·

224 2785 415 2867 dringenties
429 2785 547 2848 aerario
561 2784 690 2847 inlatum
704 2793 753 2849 est
766 2784 807 2848 ad
819 2784 1014 2850 retinendam
1027 2789 1146 2874 populi
1159 2790 1254 2855 fidem.
1345 2796 1349 2809 '

224 2877 358 2961 vectigal
381 2899 505 2958 quoqne
523 2877 650 2959 quintae
668 2886 700 2941 et
716 2878 883 2943 vicesimae
905 2878 1070 2945 renalium
1088 2884 1255 2969 mancipio

224 2994 293 3035 rum
310 2971 485 3047 remissum,
505 2972 608 3056 specie
626 2972 727 3057 magis
745 2994 839 3056 quam
857 2972 898 3050 vi,
917 2973 1001 3056 quia,
1020 2997 1100 3041 cum
1118 2978 1256 3044 venditor

224 3066 359 3151 pendere
378 3064 548 3142 iuberetur,
572 3066 605 3128 in
626 3077 748 3151 partem
769 3067 861 3151 pretii
882 3067 1081 3151 emptoribus
1101 3094 1255 3138 accresce-

225 3159 287 3225 bat.
310 3161 406 3224 edixit
422 3158 541 3224 Caesar
558 3182 598 3223 ne
616 3160 686 3242 quis
701 3161 902 3246 magistratus
920 3170 975 3225 aut
986 3175 1189 3246 procurator,
1207 3165 1254 3249 qui

223 3255 416 3339 provinciam
439 3252 605 3329 obtineret,
630 3254 843 3338 spectaculum
864 3253 1078 3340 gladiatorum
1101 3268 1158 3323 aut
1180 3259 1254 3323 fera·

224 3373 293 3413 rom
312 3359 366 3413 aut
383 3348 467 3430 quod
482 3347 566 3411 aliud
578 3346 733 3410 ludicrum
751 3348 871 3426 ederet3
888 3370 963 3411 nam
975 3359 1049 3414 ante
1069 3374 1137 3416 non
1155 3353 1252 3417 minus

224 3446 278 3509 tali
292 3444 454 3529 largitione
468 3465 562 3525 quam
576 3442 777 3527 corripiendis
795 3442 935 3527 pecuniis
954 3442 1119 3511 subiectos
1137 3446 1252 3533 afflige-

226 3539 314 3615 bant,
338 3540 413 3601 dum
431 3559 511 3619 quae
529 3536 656 3600 libidine
675 3535 882 3618 deliquerant,
905 3535 1027 3600 ambitu
1042 3547 1250 3625 propugnant.

174 3654 206 3702 aa
288 3633 422 3697 Factum
445 3641 475 3695 et
498 3638 625 3694 senatus
648 3629 825 3692 consultum
847 3628 956 3693 ultioni
977 3629 1067 3694 iuxta
1087 3641 1120 3696 et
1142 3630 1251 3697 securi-

225 3727 295 3804 tati,
319 3737 353 3789 ut
375 3726 401 3790 si
423 3725 493 3808 quis
513 3748 532 3788 a
550 3723 614 3788 suis
638 3723 736 3786 servis
758 3723 940 3787 interfectus
962 3733 1061 3802 esset,
1086 3725 1111 3790 ii
1133 3745 1249 3810 quoque
1340 3742 1343 3759 ¹

226 3822 280 3904 qui
306 3830 490 3885 testamento
518 3818 703 3882 manumissi
729 3816 787 3882 sub
810 3818 920 3882 eodem
943 3826 1026 3881 tecto
1052 3821 1248 3891 mansissent,

226 3916 305 3978 inter
328 3936 434 3978 servos
462 3913 614 3997 supplicia
639 3912 817 3996 penderent.
845 3911 985 3974 redditur
1009 3912 1116 3977 ordini
1137 3912 1248 3977 Lurius

226 4007 330 4071 Varus
350 4008 535 4084 consularis,
559 4007 706 4071 avaritiae
724 4005 904 4071 criminibus
927 4005 1001 4069 olim
1018 4008 1197 4091 perculsus.
1222 4016 1248 4069 et

227 4100 402 4184 Pomponia
420 4099 587 4179 Graecina,
610 4101 743 4188 insignis
761 4101 891 4179 femina,
914 4099 1055 4178 Plautio,
1078 4103 1137 4187 qui
1158 4121 1247 4168 ovans
