2760 4874
295 425 502 484 ANNALIUM
519 425 593 480 LIB.
606 427 656 483 VI.
675 426 776 480 6-10.
791 425 838 499 (V,
849 427 1022 500 11-v1,4.)
1107 415 1168 481 157

145 520 332 656 11111311ιιοιί
349 594 380 649 et
402 583 483 648 ferro
502 583 645 660 accincti,
668 584 811 666 quotiens
834 583 953 648 curiam
972 585 1096 662 inisset,
1120 610 1170 652 sa·

144 683 242 747 lutem
259 680 327 751 cius
338 677 557 754 defenderent3
576 676 748 740 crediderat
760 677 906 740 nimirum
925 676 1076 763 epistulae
1095 680 1169 744 sub-

145 776 225 841 sidio
251 772 312 838 sibi
338 771 468 835 alterum
494 791 534 834 ex
564 769 745 835 oonsulibus
775 771 948 855 poscentis,
978 780 1013 836 ut
1038 781 1124 837 tutus
1151 797 1171 837 a

146 858 277 955 Capreis
305 864 567 949 urbempeteret.
603 862 749 928 Tiberius
775 874 894 951 tamen,
921 865 1056 930 ludibria
1080 867 1169 931 seriis

143 961 331 1049 permiscere
354 958 478 1034 solitus,
501 957 566 1042 egit
586 957 683 1042 gratis
706 956 931 1024 benivolentiae
952 967 1090 1044 patrum:
1114 960 1170 1024 sed

145 1076 232 1140 quos*
242 1053 343 1119 omitti
359 1073 466 1137 posse,
485 1074 564 1135 quos
582 1051 695 1136 deligi?
713 1073 875 1137 semperne
893 1053 1020 1118 eosdem
1037 1077 1078 1119 an
1096 1053 1170 1118 sub

145 1150 218 1215 inde
241 1147 338 1213 alios?
360 1156 391 1211 et
412 1144 583 1210 honoribus
604 1144 785 1230 perfunctos
808 1170 849 1210 an
864 1147 1008 1226 iuvenes,
1031 1148 1169 1233 privatos

146 1266 187 1308 an
205 1265 222 1307 e
240 1239 494 1327 magistratibus?
511 1261 605 1322 quam
620 1239 731 1304 deinde
746 1240 882 1324 speciem
895 1241 962 1306 sore
981 1242 1170 1310 sternentium

145 1338 180 1401 in
195 1336 302 1400 limine
319 1334 424 1400 curiae
442 1332 583 1420 gladios?
604 1355 706 1417 neque
724 1333 784 1399 sibi
802 1334 898 1399 vitam
916 1335 1007 1413 tanti,
1030 1337 1057 1400 si
1075 1337 1169 1400 armis

147 1429 282 1517 tegenda
298 1428 389 1494 soret.
412 1428 490 1492 haec
508 1424 657 1491 adversus
676 1427 855 1513 Togonium
872 1429 976 1495 verbis
994 1430 1169 1506 moderans,

145 1545 247 1607 neque
264 1535 298 1587 ut
314 1523 397 1587 ultra
413 1521 518 1587 abolit
497 1531 614 1585 tronem
628 1522 758 1585 sentent
737 1531 798 1586 trae
817 1523 974 1588 suaderet:
993 1533 1025 1588 at
1013 1523 1168 1588 tIunium
1195 1527 1210 1574 9

148 1616 338 1694 Gallionem,
365 1616 420 1700 qui
445 1623 656 1680 censueratu
656 1616 876 1700 tpraetoriani
901 1617 979 1682 actis
1007 1593 1216 1703 stipendiisffl’

144 1712 195 1779 ius
213 1711 425 1818 apiscerentur
440 1709 474 1773 in
491 1702 738 1792 quattuordecim
760 1709 920 1776 ordinibus
938 1712 1080 1789 sedendi,
1103 1711 1171 1775 vio-

144 1805 244 1871 lenter
260 1803 422 1889 increpuit,
441 1803 527 1868 velut
514 1812 648 1868 teoram
665 1803 804 1889 rogitans
821 1804 897 1888 quid
914 1803 960 1870 illi
978 1827 1049 1870 oum
1065 1805 1171 1869 militi-

144 1898 225 1964 busl
246 1919 326 1982 quos
343 1917 445 1980 neque
463 1896 546 1960 dicta
562 1897 757 1982 imperatoris
778 1919 879 1981 neque
896 1899 1035 1983 praemia
1051 1898 1112 1962 nisr
1101 1897 1169 1963 'ab

144 1993 330 2077 imperatore
355 1991 495 2075 accipere
522 2013 579 2075 par
605 1995 702 2069 esset;
728 1992 904 2077 repperisse
929 2014 1057 2077 prorsus
1084 1992 1170 2075 quod

144 2086 237 2150 divus
255 2082 421 2173 Augustus
439 2106 508 2148 non
528 2085 712 2169 providerit:
740 2109 780 2149 an
801 2086 905 2170 potius
928 2085 1116 2151 discordiam
1138 2096 1169 2151 et

144 2179 329 2246 seditionem
346 2202 366 2244 a
383 2178 514 2244 satellite
529 2176 637 2244 Seiani
654 2179 836 2263 quaesitam,
855 2202 918 2264 qua
934 2181 1028 2246 rudes
1047 2180 1167 2244 animos

143 2274 269 2340 nomine
285 2273 412 2338 honoris
430 2273 471 2337 ad
489 2274 748 2359 corrumpendum
766 2274 893 2338 militiae
910 2297 1030 2338 morem
1045 2274 1169 2359 propel-
1208 2353 1210 2357 ι

142 2369 239 2445 leret?
260 2368 319 2433 hoo
336 2368 470 2453 pretium
489 2366 593 2433 Gallio
611 2369 777 2436 meditatae
795 2369 981 2441 adulationis
999 2369 1085 2448 tulit,
1106 2379 1169 2433 sta-

143 2463 199 2526 tim
217 2461 311 2539 curia,
331 2461 444 2526 deinde
456 2461 549 2526 Italia
562 2471 706 2540 exactus3
725 2471 756 2527 et
772 2462 846 2546 quia
858 2457 1060 2532 incusabatur
1076 2462 1169 2528 facile

142 2555 329 2621 toleraturus
343 2555 471 2619 exilium
484 2555 605 2620 delecta
616 2555 735 2633 Lesbo,
752 2556 856 2621 insula
868 2555 964 2622 nobili
982 2566 1013 2621 et
1026 2560 1167 2632 amoena,

142 2649 308 2716 retrahitur
323 2649 357 2713 in
374 2648 484 2714 urbem
501 2650 737 2733 custoditurque
755 2650 899 2716 domibus
917 2651 1166 2737 magistratuum.
1201 2661 1204 2668 ’

141 2744 241 2808 isdem
253 2743 363 2826 litteris
379 2741 499 2808 Caesar
512 2741 657 2808 Sextium
669 2743 885 2810 Paconianum
896 2745 1085 2829 praetorium
1097 2765 1168 2829 per·

142 2836 218 2901 culit
205 2846 349 2922 tmagno
362 2845 486 2921 patrum
499 2837 625 2922 gaudio,
644 2838 805 2916 audacem,
823 2838 1009 2917 maleficum,
1029 2839 1168 2904 omnium

142 2939 263 2996 secreta
277 2930 443 2994 rimantem
463 2930 565 2996 delect
553 2940 681 3014 tumque
699 2931 739 2997 ab
759 2930 875 2998 Seiano
892 2932 980 2998 cuius
999 2954 1059 3018 ope
1076 2931 1166 3007 dolus

143 3022 181 3088 C.
200 3021 331 3088 Caesari
347 3033 516 3109 pararetur
543 3025 629 3108 quod
645 3034 812 3117 postquam
829 3035 884 3110 pat
871 3025 1035 3104 te,faotum
1057 3048 1167 3110 proru-

140 3113 215 3203 pere
237 3126 393 3205 concepta
407 3117 529 3202 pridem
550 3118 694 3195 odia,t
663 3127 694 3182 et
720 3142 876 3183 summum
903 3120 1091 3204 supplicium
1106 3119 1167 3183 de·

141 3209 287 3275 cernebat
274 3221 333 3288 t‚ur
352 3234 385 3275 ιιι
374 3211 562 3297 professus
580 3212 729 3299 indicium
747 3213 836 3278 foret.
858 3221 894 3276 ut
909 3233 986 3278 vero
1002 3212 1191 3326 Latinium
1184 3216 1217 3262 10

89 3380 92 3385 ¹
140 3302 337 3369 Latiarem
328 3327 491 3391 mgressus
518 3314 578 3384 est,
606 3315 769 3371 accusator
794 3328 832 3371 ac
858 3328 930 3371 reus
956 3305 1044 3370 iuxta
1068 3304 1163 3369 invisi
1183 3278 1212 3328 (⁴³

139 3397 354 3508 gratissimum
376 3399 589 3485 spectaculum
608 3398 849 3484 praebebantur
876 3399 1087 3476 Latiarisut
1075 3408 1166 3463 tret-

140 3491 211 3569 tuli,
233 3493 419 3578 praecipuus
445 3494 518 3560 olim
541 3494 803 3559 circumveniendi
821 3492 897 3557 Titii
915 3491 1104 3558 Sabinit
1043 3502 1104 3557 ett
1104 3515 1166 3558 une

139 3583 272 3650 luendae
288 3607 408 3671 poenae
425 3588 545 3672 primus
562 3587 631 3652 suit.
610 3588 734 3652 tinter
755 3609 835 3672 quae
852 3586 1003 3652 Haterius
1021 3586 1166 3673 Agrippa

139 3678 283 3744 consules
306 3678 380 3744 anni
400 3682 512 3766 prioris
534 3681 664 3760 invasit,
691 3703 747 3747 cur
768 3691 877 3746 mutua
899 3681 1096 3747 accusatione
1118 3682 1166 3744 in·

139 3781 225 3837 tenta
245 3774 490 3842 nunosilerentz
517 3785 636 3841 metum
656 3797 784 3860 prorsus
807 3785 839 3840 et
854 3774 981 3840 noxiam
1004 3773 1165 3839 conscien-

138 3866 200 3930 tiae
221 3889 279 3952 pro
300 3867 430 3937 foedere
452 3869 578 3947 habere3
605 3879 638 3934 at
658 3891 721 3935 non
742 3868 884 3954 patribus
904 3869 1063 3934 reticenda
1083 3889 1164 3957 quae

138 3960 340 4028 audivissent
362 3963 505 4050 Regulus
518 3985 644 4030 manere
657 3973 781 4049 tempus
794 3963 930 4041 ultionis,
950 3978 1045 4046 seque
1059 3985 1164 4028 coram

136 4054 277 4140 principe
300 4068 534 4137 exsecuturum3
561 4057 637 4123 Trio
659 4057 900 4122 aemulationem
924 4057 1004 4122 inter
1026 4056 1163 4143 collegas

137 4159 169 4215 et
187 4150 296 4234 siqua
313 4151 472 4220 discordes
490 4153 650 4232 iecissent,
672 4151 784 4219 melius
802 4151 972 4218 oblitterari
988 4151 1162 4238 respondit3
1217 4164 1218 4167 ’
