2760 4874
411 374 761 434 Annamunnlfflu
779 377 897 432 as-ar.
1122 367 1166 434 55

136 487 159 526 a
168 471 212 514 cn.
222 473 256 512 ra

137 542 257 607 tionem
275 544 404 601 senatus
422 532 537 619 poscit3
560 542 592 596 et
608 542 760 598 vocantur
776 544 895 618 patres,
918 537 1023 602 addito
1041 536 1165 602 oonsul-

138 635 271 702 tandam
288 652 384 716 super
399 651 433 694 re
450 650 566 721 magna
583 637 614 691 et
632 628 738 692 atroci.
1263 632 1266 638 '

201 725 290 793 Libo
302 723 427 793 interim
439 731 527 788 veste
541 730 661 786 mutata
674 743 746 786 cum
758 722 946 807 primoribus
963 723 1088 789 feminis
1106 725 1165 788 cir-
1183 743 1215 791 aa

138 823 258 889 cumire
279 821 406 897 domos,
433 838 529 883 oraro
542 816 676 894 adfines,
704 839 814 883 vocem
836 818 1003 884 adversum
1028 818 1166 903 pericula

138 938 285 1004 poscere,
302 911 511 983 abnuentibus
529 910 663 988 cunctis,
686 933 759 976 cum
776 912 901 977 diversa
917 913 1164 998 praetenderent,

139 1011 250 1075 eadem
267 1007 445 1074 formidine
456 1005 523 1069 ·die
540 1014 667 1070 senatus
685 1014 770 1070 metu
787 1015 819 1071 et
835 1006 1029 1092 aegritudine
1050 1006 1164 1082 fessus,

139 1105 215 1183 sire,
233 1113 271 1168 ut
287 1103 442 1168 tradidere
459 1099 596 1185 quidam,
615 1100 761 1165 simulato
778 1101 898 1178 morbo,
916 1101 1026 1167 lectica
1043 1101 1164 1166 delatus

139 1199 180 1263 ad
204 1197 291 1262 fores
317 1195 422 1261 curiae
442 1193 626 1277 innisusque
647 1193 736 1258 fratri
758 1204 790 1259 et
814 1218 926 1260 manus
949 1217 986 1260 ac
1009 1194 1164 1280 supplices

139 1313 234 1357 voces
255 1290 298 1355 ad
315 1287 478 1354 Tiberium
499 1287 630 1352 tendens
651 1287 781 1353 immoto
803 1288 870 1354 eius
893 1289 982 1357 vultu
999 1288 1165 1374 excipitur;

139 1407 214 1450 mox
235 1383 359 1448 libellos
377 1390 409 1447 et
430 1391 573 1447 auctores
594 1381 703 1446 recitat
721 1380 854 1460 Caesar,
876 1383 921 1447 ita
941 1384 1108 1448 moderans
1126 1402 1165 1444 ne

139 1479 237 1544 lenire
249 1500 331 1545 neve
343 1497 489 1562 asperare
501 1475 632 1541 crimina
643 1476 810 1541 videretur.
833 1487 1030 1542 accesserant
1042 1486 1165 1562 praeter
1183 1494 1216 1540 so

140 1572 289 1637 Trionem
303 1580 335 1636 et
348 1569 465 1636 Catum
478 1578 678 1637 accusatores
687 1570 839 1635 Fonteius
852 1570 998 1657 Agrippa
1010 1580 1042 1636 et
1055 1568 1094 1636 C.
1108 1568 1166 1632 Vi-

139 1666 224 1745 bius,
252 1665 488 1748 certabantque,
515 1664 566 1729 cui
592 1664 641 1729 ius
667 1667 833 1749 perorandi
858 1667 1003 1731 iuream
1029 1665 1163 1740 daretur,

139 1761 239 1825 donec
256 1758 385 1837 Vibius,
408 1758 483 1841 quia
499 1779 558 1823 nec
574 1758 636 1843 ipsi
656 1759 737 1824 inter
754 1781 789 1824 se
806 1760 1011 1824 concederent
1033 1769 1064 1824 et
1080 1757 1164 1823 Libo

139 1854 206 1919 sine
223 1862 356 1938 patrono
372 1851 545 1929 introisset,
568 1851 749 1938 singillatim
767 1875 802 1917 se
819 1853 949 1917 erimina
970 1852 1163 1918 obiecturum

139 1947 317 2032 professus,
343 1945 472 2031 protulit
492 1945 614 2010 libellos
636 1947 805 2012 vaecordes
828 1948 921 2024 adeo,
947 1957 983 2011 ut
1008 1946 1164 2011 consulta-

139 2041 220 2106 verit
240 2040 327 2106 Libo
352 2062 394 2105 an
418 2039 581 2104 habiturus
603 2040 684 2105 foret
705 2062 795 2126 opes,
823 2042 893 2124 quis
919 2041 1003 2106 viam
1024 2039 1163 2124 Appiam

138 2135 343 2200 Brundisium
361 2156 460 2218 usque
477 2134 610 2220 pecunia
628 2135 769 2219 operiret.
792 2136 913 2200 inerant
930 2146 961 2200 ct
978 2135 1039 2199 alia
1056 2134 1164 2198 huius-

138 2229 275 2306 cemodi,
302 2227 430 2304 stolida,
456 2251 551 2305 vana,
578 2228 605 2293 si
626 2229 749 2293 mollius
776 2230 943 2313 acciperes,
971 2227 1161 2304 miseranda3
1284 2299 1289 2307 ,

138 2322 193 2387 uni
221 2332 328 2388 tamen
357 2321 463 2386 libello
493 2345 589 2386 manu
613 2321 747 2387 Libonis
778 2321 957 2387 nominibus
986 2320 1159 2387 Caesarina

138 2428 193 2483 aut
206 2426 386 2482 senatorum
398 2416 520 2482 additas
539 2425 659 2482 atroces
673 2417 724 2481 vel
736 2415 874 2480 occultas
891 2426 981 2480 notas
1000 2423 1163 2479 accusator

137 2510 305 2598 arguebat3
321 2519 458 2596 negante
474 2532 543 2587 reo,
567 2511 795 2596 adgnoscentes
814 2531 920 2574 servos
937 2532 994 2595 per
1011 2517 1164 2573 tormenta

137 2604 322 2690 interrogari
330 2605 460 2690 placuit,
475 2613 507 2668 et
519 2605 595 2687 quia
607 2613 712 2669 vetere
725 2612 852 2668 senatus
866 2604 1008 2668 consulto
1022 2603 1163 2686 quaestio

137 2699 169 2763 in
186 2707 282 2783 eaput
300 2698 418 2764 domini
434 2697 666 2782 prohibebatur,
687 2698 817 2763 callidus
836 2708 868 2762 et
883 2700 957 2763 novi
969 2698 1045 2762 iuris
1058 2719 1164 2783 reper-

137 2803 186 2858 tor
203 2791 351 2858 Tiberius
368 2793 539 2877 mancipari
556 2794 697 2879 singulos
721 2795 818 2859 actori
835 2794 962 2878 publico
978 2794 1080 2871 iubet,
1102 2794 1162 2858 sci-

136 2887 211 2952 licet
225 2895 263 2950 ut
280 2886 312 2951 in
324 2884 483 2952 Libonem
496 2908 536 2951 ex
551 2888 650 2952 servis
665 2888 752 2952 salvo
767 2898 893 2953 senatus
906 2889 1049 2954 consulto
1067 2910 1162 2972 quae·

137 2990 265 3046 reretur.
292 2980 334 3046 ob
356 3000 439 3064 quae
458 2990 619 3065 posterum
642 2982 725 3046 diem
745 3005 818 3047 reus
840 2983 951 3067 petivit
971 2983 1161 3066 domumque

136 3076 300 3161 digressus
317 3085 472 3140 extremas
490 3098 600 3160 preces
618 3066 659 3140 Pi
672 3075 825 3159 Quirinio,
843 3078 1017 3162 propinquo
1035 3099 1103 3154 suo,
1121 3078 1162 3141 ad

135 3170 310 3256 prinoipem
331 3171 504 3235 mandavit:
526 3193 714 3256 responsum
736 3181 784 3236 est
805 3181 841 3235 ut
863 3182 1006 3236 senatum
1026 3181 1160 3256 rogaret.

137 3262 322 3348 cingebatur
337 3263 461 3327 interim
482 3264 579 3329 milite
598 3265 723 3343 domus,
747 3264 927 3351 strepebant
949 3266 1042 3330 etiam
1059 3265 1093 3328 in
1109 3285 1164 3329 vc·
1176 3284 1213 3351 ap

137 3355 268 3434 stibulo‚
286 3366 322 3421 ut
339 3358 449 3435 audiri,
467 3367 503 3421 ut
520 3359 619 3444 aspici
636 3369 775 3444 possent,
794 3381 866 3423 cum
883 3358 970 3423 Libo
986 3358 1064 3443 ipsis
1082 3379 1160 3440 quas

136 3450 170 3514 in
190 3451 396 3516 novissimam
418 3450 610 3536 voluptatem
637 3453 822 3518 adhibuerat
843 3452 943 3536 epulis
966 3451 1161 3516 excruciatus

136 3566 250 3609 vocare
266 3566 498 3629 percussorem,
515 3569 664 3631 prensare
683 3569 843 3613 servorum
862 3546 1002 3622 dextras,
1025 3546 1161 3610 inserere

136 3638 292 3724 gladium3
311 3648 404 3722 atque
421 3641 492 3717 illis,
512 3641 587 3705 dum
605 3642 769 3727 trepidant,
789 3642 865 3704 dum
882 3639 1055 3725 refugiunt,
1074 3659 1161 3702 ever-

135 3731 274 3797 tentibus
292 3734 470 3818 adpcsitum
487 3758 596 3800 mensa
612 3736 732 3812 lumen,
751 3733 899 3799 feralibus
917 3733 980 3797 iam
998 3730 1058 3796 sibi
1075 3741 1161 3796 tene-

134 3824 201 3902 bris
220 3827 300 3891 duos
317 3827 398 3892 ictus
412 3829 448 3892 in
469 3830 591 3895 viscera
612 3830 738 3908 direxit3
760 3829 801 3892 ad
821 3827 973 3914 gemitum
995 3826 1161 3892 conlaben-

135 3920 176 3984 tis
192 3919 357 3984 adcurrere
369 3921 484 4002 liberti3
503 3934 535 3988 et
552 3924 648 3988 caede
660 3925 729 3989 visa
742 3923 831 3987 miles
851 3921 979 3986 abstitit.
1002 3922 1160 3987 accusatio

136 4022 243 4078 tamen
261 4015 345 4098 apud
361 4024 465 4100 patres
487 4018 722 4082 adseveratione
744 4017 853 4082 eadem
871 4026 1011 4101 peracta,
1032 4017 1160 4082 iuravit-

61 4161 65 4167 .
134 4128 198 4192 quc
221 4106 368 4173 Tiberius
393 4111 562 4195 petitraram
588 4135 623 4178 se
648 4112 745 4177 vitam
767 4111 909 4196 quamvis
935 4113 1072 4190 nocenti,
1099 4112 1160 4176 nisi
