2760 4874
412 279 619 339 ANNALlUlI
637 279 710 335 ΜΒ.
724 281 762 335 II.
780 283 899 336 66-71.
1121 273 1162 337 73

109 421 112 426 ,
137 389 158 426 ρ.
169 375 211 416 cn.
222 375 257 415 rs.

135 443 289 519 vincitur,
312 463 388 504 mox
409 437 573 504 Remmius
596 447 758 514 evocatus,
785 438 879 523 priori
902 441 1060 505 custodiae
1082 442 1165 528 regis

137 536 312 622 adpositus,
326 533 418 618 quasi
429 554 486 618 per
498 531 577 595 iram
589 531 694 617 gladio
708 553 779 595 eum
792 532 950 617 transigit:
969 535 1050 598 unde
1068 536 1166 600 maior

136 630 215 696 tides
239 626 433 694 conscicntia
455 624 578 690 sceleris
602 635 633 689 et
655 635 741 689 metu
762 624 868 691 indicii
889 636 1020 693 mortem
1042 628 1165 694 Vononi

136 723 278 789 inlamm
323 724 326 726 ’
389 749 395 757 ·

199 816 249 882 At
262 813 471 881 Germanicus
485 811 634 899 Aegypto
647 832 790 878 remeans
805 823 917 878 cuncta
929 836 1009 898 quac
1023 816 1107 900 apud
1120 815 1164 879 le·
1183 837 1214 885 aa

137 912 249 998 giones
268 918 323 974 aut
340 907 435 974 urbes
452 907 599 984 iusserat,
618 906 735 972 abolita
751 907 802 971 vel
820 908 853 972 in
870 908 1057 973 contrarium
1075 932 1165 974 versa

137 1004 316 1092 cognoscit:
334 1002 409 1066 hinc
422 1023 535 1088 graves
548 1001 581 1064 in
593 998 742 1065 Pisonem
756 1001 976 1079 contumeliae;
990 1024 1048 1066 nec
1061 1003 1164 1068 minus

137 1098 251 1163 acerba
269 1119 351 1180 quae
369 1094 409 1162 ab
427 1095 480 1160 illo
496 1094 530 1161 in
549 1092 719 1159 Caesarem
737 1094 975 1180 temptabantur.
999 1096 1071 1159 dein
1088 1095 1164 1161 Piso

131 1192 223 1256 ¹abire
238 1189 334 1276 Syris
351 1189 458 1254 statuit
463 1213 472 1267 ;
490 1211 565 1253 mox
582 1188 714 1252 adversa
728 1185 907 1253 Germanici
923 1190 1093 1254 valitudine
1111 1190 1165 1254 de·

137 1295 251 1363 tentus,
270 1283 327 1348 ubi
337 1292 513 1359 recreatum
526 1281 646 1367 accepit
658 1291 793 1366 votaque
805 1304 862 1368 pro
878 1283 1089 1348 incolumitate
1103 1284 1165 1348 sol-

137 1379 301 1452 vebantur,
319 1379 461 1442 admotas
474 1377 603 1454 hostias,
623 1376 824 1441 sacrificalem
838 1387 1030 1463 apparatum,
1050 1379 1163 1444 festam

137 1473 400 1539 Antiochensium
420 1471 545 1558 plebem
561 1494 618 1557 per
635 1471 758 1536 lictores
776 1472 950 1557 proturbat3
969 1481 1035 1537 tum
1055 1472 1164 1539 Seleu-

136 1569 217 1633 ciam
231 1567 412 1654 digreditur,
432 1566 596 1652 opperiens
610 1566 835 1652 aegritudinem
848 1589 929 1650 quae
946 1590 1070 1632 rursum
1084 1566 1164 1634 Ger-

137 1662 258 1727 manico
282 1661 445 1725 acciderat.
478 1682 604 1724 saevam
626 1660 690 1723 vim
712 1660 812 1725 morbi
839 1655 975 1747 augebat
1001 1663 1163 1747 persuasio

139 1755 250 1820 veneni
267 1776 287 1820 a
303 1753 420 1819 Pisone
438 1754 572 1839 accepti3
595 1762 626 1818 et
643 1754 874 1839 reperiebantur
896 1755 962 1820 solo
981 1777 1017 1819 ac
1039 1756 1163 1840 parieti-

138 1849 196 1914 bus
215 1859 323 1913 erutae
335 1848 543 1912 humanorum
556 1869 720 1932 corporum
734 1848 890 1930 reliquiae,
910 1849 1048 1913 carmina
1061 1859 1092 1913 et
1109 1851 1163 1913 de-

137 1943 280 2009 votiones
299 1952 331 2007 et
347 1958 461 2006 nomen
477 1939 654 2006 Germanici
668 1941 821 2026 plumbeis
836 1941 950 2007 tabulis
963 1939 1161 2027 insculptum,

138 2036 270 2108 semusti
291 2036 411 2101 cineres
434 2057 471 2101 ac
492 2034 564 2100 tabe
587 2035 675 2100 obliti
696 2036 817 2119 aliaque
835 2035 987 2100 maleficia
1009 2036 1078 2118 quis
1097 2059 1163 2099 cre-

139 2131 222 2195 ditur
240 2123 361 2195 animas
379 2129 559 2196 numinibus
573 2128 703 2194 insemis
718 2130 842 2194 sacrari.
866 2129 958 2194 simul
971 2129 1060 2193 missi
1077 2153 1096 2192 a
1108 2129 1162 2192 Pi-

138 2247 214 2291 sone
231 2223 456 2290 incusabantur
473 2233 508 2288 ut
525 2223 703 2290 valitudinis
722 2224 854 2290 adversa
870 2222 1028 2286 rimantes.

201 2317 253 2383 Ea
272 2315 460 2384 Germanico
481 2316 566 2381 haud
587 2318 692 2382 minus
713 2318 760 2382 ira
782 2339 876 2400 quam
897 2339 954 2402 per
975 2325 1093 2379 metum
1111 2338 1163 2380 ac·
1182 2338 1213 2384 ro

138 2422 242 2498 cepta:
270 2412 297 2476 si
317 2412 413 2476 limen
439 2411 645 2488 obsideretur,
674 2412 701 2475 si
723 2411 930 2475 effundendus
954 2410 1080 2494 spiritus
1104 2409 1162 2474 sub

137 2506 237 2571 oculis
259 2505 455 2570 inimicorum
473 2505 567 2582 foret,
590 2505 666 2589 quid
688 2504 800 2568 deinde
817 2504 1008 2569 miserrimae
1026 2503 1160 2589 coniugi,

137 2600 213 2684 quid
229 2599 402 2664 infantibus
424 2598 529 2664 liberis
552 2599 756 2663 eventurum?
775 2600 861 2663 lenta
882 2597 980 2663 videri
998 2597 1162 2662 veneficia:

137 2694 286 2759 festinare
308 2703 340 2758 et
361 2715 486 2780 urgere,
510 2703 545 2757 ut
561 2693 767 2778 provinciam,
790 2704 825 2758 ut
842 2693 981 2780 legiones
1005 2693 1089 2758 solus
1107 2692 1163 2757 ha:

137 2787 224 2866 beat3
253 2788 398 2853 sednon
423 2809 523 2871 usque
550 2810 587 2851 eo
613 2787 770 2852 defectum
798 2785 1034 2866 Germanicum
1061 2809 1161 2870 neque

137 2882 276 2968 praemia
290 2883 394 2947 caedis
410 2883 495 2966 apud
506 2882 736 2947 interfectorem
750 2906 905 2948 mansura.
929 2883 1085 2968 componit
1098 2883 1162 2968 epi-

139 2977 237 3041 stulas
254 2976 325 3059 quis
344 2977 514 3040 amicitiam
532 2976 561 3040 ei
577 2977 774 3055 renuntiabat
779 3003 787 3056 ;
806 2979 925 3042 addunt
941 2978 1080 3062 plerique
1097 2977 1162 3041 ius-

138 3094 209 3136 sum
234 3070 394 3155 provincia
420 3071 585 3135 decedere:
618 3093 675 3136 nec
700 3070 777 3137 Piso
803 3080 940 3136 moratus
967 3071 1047 3134 ultra
1073 3071 1161 3134 navis

138 3164 245 3240 solvit,
268 3162 549 3246 moderabaturque
567 3164 685 3241 cursui,
709 3187 770 3249 quo
788 3165 914 3251 propius
936 3164 1160 3249 regrederetur,

139 3259 166 3324 si
184 3279 269 3322 mors
290 3255 468 3322 Germanici
488 3255 613 3342 Syriam
631 3260 812 3343 aperuisset.
1252 3331 1255 3334 ‚

204 3351 324 3417 Caesar
340 3352 499 3436 paulisper
516 3353 556 3416 ad
575 3375 662 3437 spem
681 3363 811 3430 erectus,
830 3351 903 3416 dein
920 3351 1005 3416 fesso
1024 3370 1160 3434 corpore,
1181 3369 1210 3414 71

137 3444 194 3510 ubi
210 3445 282 3510 finis
301 3445 422 3522 aderat,
442 3445 628 3510 adsistentes
647 3446 764 3511 amicos
781 3446 814 3510 in
830 3445 914 3510 hunc
931 3444 1058 3508 modum
1076 3442 1163 3507 adlo-

138 3538 258 3624 quitur:
283 3538 331 3616 „si
347 3537 413 3603 fato
436 3540 652 3616 concederem,
675 3539 776 3604 iustus
797 3538 874 3602 mihi
892 3537 980 3602 dolor
997 3536 1089 3600 etiam
1107 3536 1161 3598 ad-

138 3655 249 3698 versus
272 3633 348 3696 deos
371 3641 468 3710 esset,
490 3623 580 3717 'quod
602 3656 652 3698 me
674 3633 868 3719 parentibus,
895 3630 1016 3708 liberis,
1042 3629 1161 3715 patriae

137 3727 220 3792 intra
244 3726 404 3790 iuventam
425 3737 622 3812 praematuro
644 3728 730 3792 exitu
751 3735 908 3812 raperent:
940 3746 1022 3788 nunc
1045 3723 1160 3789 scelere

137 3819 265 3884 Pisonis
284 3829 315 3884 et
327 3819 496 3888 Plancinae
509 3821 697 3907 interceptus
716 3821 839 3884 ultimas
857 3841 965 3905 preces
983 3818 1160 3904 pectoribus
1219 3898 1226 3910 ¹

138 3913 252 3979 vestris
268 3913 425 3997 relinquo:
443 3915 584 3980 reseratis
598 3916 678 4000 patri
696 3938 733 3980 ac
750 3915 838 3980 fratri
855 3913 969 3997 quibus
988 3913 1162 3980 acerbitati-

137 4007 199 4075 bus
218 4007 419 4087 dilaceratus,
441 4008 554 4093 quibus
571 4008 692 4075 insidiis
710 4009 939 4076 circumventus
955 4008 1160 4075 miserrimam
