2760 4874
212 381 273 448 188
560 386 742 444 CORNELII
755 385 888 445 uscm

1133 480 1243 520 ansae

210 548 416 626 referendam,
434 568 473 612 nc
487 546 564 611 ritus
578 567 738 611 sacrorum
751 545 832 611 inter
843 544 994 632 ambigua
1006 544 1157 632 cultiper
1172 570 1241 633 pro·

212 667 303 731 spera
315 640 573 708 oblitterarentur.
595 638 714 704 sactum
732 661 827 704 exeo
845 640 972 705 senatus
985 639 1179 717 consultum,
1199 641 1242 705 vi-

211 739 320 804 derent
337 735 499 822 pontifices
518 755 598 818 quae
615 734 777 798 retinenda
794 734 1012 817 firmandaque
1026 733 1241 819 haruspicum.

163 854 192 902 ιε
273 831 396 896 Eodem
414 851 496 893 anno
515 828 747 893 Cheruscorum
768 849 847 913 gens
867 848 977 913 regem
993 827 1101 893 Roma
1121 828 1241 913 petivit,

208 926 335 991 amissis
353 946 409 1009 per
430 923 552 987 interna
573 921 655 986 bella
675 920 833 986 nobilibus
856 931 888 986 et
908 942 973 986 uno
989 920 1114 1005 reliquo
1136 921 1241 1007 stirpis

209 1020 324 1106 regiae,
343 1018 397 1101 qui
410 1016 493 1102 apud
506 1015 616 1080 urbem
632 1014 816 1091 habebatur,
834 1014 960 1080 nomine
973 1013 1117 1080 Italicus.
1139 1025 1242 1101 pater-

209 1136 287 1177 num
304 1112 375 1176 huic
393 1133 494 1197 genus
512 1131 530 1173 e
547 1108 660 1186 Flavo,
679 1108 774 1173 fratrc
792 1107 941 1186 Arminii,
964 1116 1066 1173 mater
1083 1129 1126 1175 ex
1143 1108 1243 1174 Catu-

210 1228 306 1283 mero,
320 1205 459 1291 principe
470 1202 665 1279 Chattorum,
680 1211 746 1266 erat
751 1226 760 1279 ;
773 1201 842 1287 ipse
850 1200 953 1267 forma
960 1202 1095 1267 decorus
1106 1202 1241 1267 etarmis

210 1301 361 1385 equisque
379 1299 412 1362 in
429 1298 564 1383 patrium
586 1306 790 1379 nostrumque
812 1318 931 1361 morem
949 1294 1123 1375 exercitus3
1145 1295 1242 1382 igitur

212 1392 331 1459 Caesar
348 1401 474 1457 auctum
487 1389 629 1476 pecunia,
648 1389 762 1454 additis
777 1388 988 1475 stipatoribus,
1007 1387 1154 1455 hortatur
1165 1410 1242 1476 gen-

210 1487 264 1552 tile
282 1487 378 1551 dccus
396 1507 511 1571 magno
529 1484 633 1548 animo
655 1505 834 1573 capessere:
856 1482 946 1547 illum
961 1481 1102 1568 primum
1119 1481 1241 1557 Romae

210 1592 322 1658 ortum,
340 1602 398 1644 nec
414 1579 554 1643 obsidem
570 1577 625 1643 scd
640 1579 750 1655 civem,
768 1578 814 1643 ire
827 1588 989 1643 externum
1002 1577 1046 1643 sd
1060 1577 1239 1665 imperium.

211 1697 249 1741 ao
266 1675 366 1759 primo
384 1673 483 1737 laetus
503 1670 669 1738 Germanis
688 1672 855 1748 adventus,
873 1681 967 1757 atque
985 1693 1024 1737 eo
1041 1672 1130 1756 quod
1146 1671 1240 1737 nullis

210 1767 373 1831 discordiis
396 1766 523 1831 inbutus
541 1766 609 1850 pari
625 1766 658 1829 in
676 1787 784 1833 omnes
807 1765 910 1831 studio
932 1774 1054 1851 ageret,
1075 1765 1240 1843 celebrari,

208 1860 284 1937 coli,
307 1860 400 1924 modo
419 1860 596 1924 comitatem
614 1869 645 1923 et
662 1860 921 1945 temperantiam,
935 1859 1012 1923 nulli
1029 1859 1149 1938 invisa,
1173 1883 1241 1926 sae-

209 1953 280 2039 pius
291 1953 490 2018 vinolentiam
499 1975 536 2018 ac
546 1953 700 2030 libidines,
711 1963 800 2039 grata
808 1952 959 2031 barbaris,
974 1975 1149 2039 usurpans:
1163 1954 1241 2020 iam·

209 2069 270 2131 que
284 2047 368 2132 apud
381 2047 549 2132 proximos,
568 2046 631 2111 iam
644 2046 769 2132 longius
783 2047 962 2124 clarescere,
981 2049 1240 2133 cumpotentiam

209 2142 276 2207 eius
295 2152 520 2226 suspectantes,
539 2138 593 2224 qui
611 2140 799 2206 factionibus
817 2141 994 2219 demetant,
1012 2141 1183 2208 discedunt
1200 2144 1240 2208 ad

208 2236 416 2301 conterminos
430 2235 563 2321 populos
578 2256 615 2299 ac
629 2222 834 2300 testificantur
846 2235 943 2300 adimi
956 2244 1096 2300 veterem
1106 2233 1240 2303 Germa·

208 2329 279 2395 niue
291 2329 465 2396 libertatem
479 2338 510 2392 et
524 2328 682 2392 Romanas
697 2350 773 2413 opes
786 2327 962 2413 insurgere:
981 2328 1062 2393 adeo
1078 2329 1237 2394 neminem

208 2423 308 2487 isdem
327 2422 465 2487 interris
484 2431 600 2497 ortum,
624 2421 678 2503 qui
695 2421 867 2506 principem
889 2421 993 2485 locum
1010 2421 1156 2507 impleat,
1179 2424 1240 2488 nisi

209 2517 410 2602 exploratoris
416 2516 507 2580 Flavi
516 2515 680 2601 progenies
691 2537 785 2600 super
793 2524 926 2580 cunctos.
931 2515 1110 2580 attollatur?
1123 2517 1239 2582 frustra

208 2609 387 2674 Arminium
396 2609 565 2695 praescribi
570 2634 579 2687 ;
594 2609 682 2673 cuius
697 2609 723 2673 si
736 2608 819 2674 filius
828 2608 933 2674 hostili
946 2609 979 2675 in
993 2609 1198 2676 soloadultus
1208 2612 1240 2675 in

208 2725 341 2787 regnum
361 2704 513 2779 venisset,
530 2724 624 2787 posse
642 2702 804 2768 extimesci
821 2702 972 2768 infectum
989 2703 1155 2783 alimonio,
1175 2727 1239 2770 ser-

208 2796 298 2872 vitia,
323 2796 422 2872 cultu,
441 2796 585 2860 omnibus
604 2797 753 2895 extcpnis:
776 2806 809 2862 at
826 2797 853 2862 si
870 2807 1000 2882 patema
1017 2797 1131 2864 Italico
1149 2822 1237 2863 meus

207 2899 306 2965 esset,
330 2912 394 2952 non
416 2889 511 2952 alium
533 2889 685 2957 infensius
708 2915 795 2956 arma
811 2901 924 2963 ‚eoutm
944 2892 1078 2977 patriam
1100 2915 1141 2965 ac
1162 2895 1238 2958 deos

207 2992 337 3067 penates
356 3005 450 3065 quam
468 2992 628 3067 parentem
646 2984 712 3050 eius
731 2985 918 3050 exercuisse.
1108 3056 1116 3071 ,

161 3100 190 3146 ιι
269 3076 331 3141 His
350 3089 443 3159 atque
461 3077 574 3142 talibus
593 3102 724 3164 magnas
743 3079 849 3164 copias
867 3101 1013 3166 coegere3
1031 3102 1091 3145 nec
1108 3080 1238 3167 paucio-

208 3193 258 3235 res
275 3171 421 3235 Italicum
444 3171 667 3254 sequebantur:
689 3173 855 3238 nonenim
875 3174 1024 3259 irrupisse
1047 3175 1088 3240 ad
1110 3177 1237 3253 invitos,

208 3265 264 3330 sed
278 3266 412 3330 accitum
426 3266 627 3344 memorabat,
642 3268 767 3350 quando
781 3262 941 3332 nobilitate
955 3277 1076 3334 ceteros
1091 3264 1237 3335 anteiret:

208 3360 354 3424 virtutem
372 3360 596 3444 experirentur,
616 3384 656 3425 an
674 3361 803 3446 dignum
822 3383 856 3426 se
873 3371 985 3446 patruo
995 3362 1161 3442 Arminio,
1179 3387 1238 3429 avo

209 3453 380 3520 Catumero
402 3454 578 3539 praeberet;
601 3478 659 3520 nec
680 3466 801 3540 patrem
818 3455 938 3534 rubori,
961 3457 1047 3540 quod
1067 3457 1167 3524 fidem
1184 3460 1239 3524 ad-

207 3571 317 3613 versus
332 3549 492 3614 Romanos
510 3549 688 3615 volentibus
703 3547 869 3615 Germanis
889 3561 1046 3635 sumptam
1063 3574 1238 3637 numquam

207 3643 379 3720 omisisset3
393 3643 474 3708 falso
488 3642 638 3708 libertatis
652 3644 840 3710 vocabulum
854 3644 981 3710 obtendi
994 3645 1034 3710 ab
1047 3645 1097 3711 his
1112 3649 1168 3731 qui
1176 3649 1238 3734 pri·

207 3737 304 3802 vatim
319 3739 499 3824 degeneres,
512 3738 545 3802 in
553 3738 714 3823 publicum
724 3739 855 3816 exitiosi,
870 3741 946 3805 nihil
956 3740 1024 3825 spei
1036 3741 1098 3805 nisi
1106 3765 1165 3828 per
1174 3745 1237 3809 dis-

207 3832 329 3897 cordias
344 3831 488 3896 habeant
511 3833 711 3918 adstrepebat
723 3834 795 3898 huie
810 3834 911 3898 alacre
925 3834 1056 3920 vulgus3
1075 3845 1107 3900 et
1120 3860 1237 3924 magno

207 3925 288 3989 inter
296 3925 445 3990 barbaros
454 3926 571 4010 proelio
580 3927 679 3991 victor
685 3948 751 4005 rex,
766 3927 838 3991 dein
848 3927 986 3992 secunda
999 3927 1177 3994 fortunaad
1186 3952 1237 3995 su-

207 4018 348 4103 perbiam
356 4019 520 4103 prolapsus
530 4020 704 4105 pulsusque
712 4045 748 4086 ac
757 4044 864 4087 rursus
874 4020 1161 4108 Langobardorum
1171 4024 1237 4110 opi-

209 4112 267 4178 bus
277 4113 423 4190 refeetus,
432 4114 586 4199 perlaeta,
600 4139 657 4203 per
665 4118 796 4183 adversa
804 4140 854 4183 res
865 4116 1043 4185 Cheruscas
1053 4117 1235 4184 afflictabat.
