2760 4874
131 419 133 427 ·
251 371 294 438 24
602 380 785 439 CORNELII
799 379 927 436 TACITI

1164 482 1184 511 ι.
1194 483 1217 512 ιι.
1227 474 1273 513 767.

250 542 303 607 nio
319 541 479 628 legionum
490 539 641 615 eductus,
664 559 758 620 quem
776 537 901 601 militari
922 538 1074 604 vocabulo
1093 538 1274 626 Caligulam

250 634 461 722 appellabant,
485 633 559 717 quia
575 632 759 718 plerumque
781 632 822 696 ad
844 632 1038 698 concilianda
1058 634 1147 720 vulgi
1170 636 1275 699 studia

250 753 287 794 eo
305 728 441 814 tegmine
453 728 570 813 pedum
582 726 781 804 induebatur3
800 727 856 791 sed
872 726 949 790 nihil
962 749 1061 810 aeque
1078 728 1165 793 flexit
1177 750 1274 813 quam

249 823 366 888 invidia
390 822 425 887 in
450 821 606 886 Treviros.
642 830 744 897 orant,
771 820 940 887 obsistuntr
966 822 1094 899 rediret,
1123 834 1272 902 maneret,

248 914 321 1001 pars
339 914 535 1002 Agrippinae
552 922 765 990 occursantes,
783 912 909 997 plurimi
923 916 967 979 ad
985 912 1208 981 Germanicum
1225 941 1274 982 re-

248 1010 350 1096 gressi
355 1033 364 1087 3
383 1009 473 1092 isque
490 1017 526 1072 ut
543 1017 609 1072 erat
626 1028 735 1072 recens
753 1007 858 1071 dolore
876 1017 907 1072 et
924 1007 984 1086 ira,
1004 1010 1089 1094 apud
1106 1009 1275 1075 circumfu-

250 1126 302 1169 sos
320 1103 365 1167 ita
383 1102 498 1186 coepit:

105 1235 110 1243 ·
198 1217 230 1266 42
315 1196 406 1276 „Non
423 1194 500 1259 mihi
517 1217 604 1260 uxor«
618 1203 672 1258 aut
689 1193 772 1259 filius
788 1203 878 1280 patre
896 1204 927 1259 et
944 1217 977 1260 re
993 1194 1121 1281 publica
1138 1196 1273 1262 cariores

249 1300 336 1368 sunt3
355 1289 411 1354 sed
423 1289 511 1353 illum
528 1288 654 1372 quidem
668 1310 725 1352 sua
741 1288 898 1366 maiestas,
916 1289 1081 1374 imperium
1093 1290 1274 1355 Romanum

249 1383 344 1448 ceteri
356 1382 510 1447 exercitus
525 1380 707 1445 defendent:
726 1380 891 1467 coniugem
905 1391 936 1446 et
947 1382 1062 1448 liberos
1076 1405 1174 1461 meos,
1193 1405 1273 1467 quos

248 1499 306 1562 pro
323 1476 423 1562 gloria
438 1483 543 1540 vestra
560 1473 660 1539 libens
679 1474 720 1538 ad
737 1475 866 1539 exitium
883 1475 1041 1554 offerrem,
1064 1499 1149 1542 nuno
1164 1478 1274 1562 procul

229 1597 231 1600 ⁴
250 1593 269 1634 a
286 1569 462 1634 furentibus
481 1589 676 1645 summoveo,
699 1578 735 1632 ut
752 1568 905 1652 quidquid
925 1569 1006 1634 istuc
1029 1570 1154 1635 sceleris
1171 1570 1275 1634 immi-

248 1673 315 1740 net,
334 1668 409 1728 'meo
431 1671 552 1727 tantum
575 1661 727 1748 sanguine
748 1662 863 1747 pietur,
886 1684 966 1727 neve
988 1663 1111 1728 occisus
1132 1661 1274 1750 Augusti

130 1765 133 1771 '
247 1780 418 1844 pronepos,
441 1756 604 1823 interfecta
621 1757 741 1824 Tiberii
761 1779 858 1823 nurus
875 1757 1070 1823 nocentiores
1088 1780 1146 1823 vos
1167 1759 1274 1823 faciat.

248 1852 326 1936 quid
351 1852 434 1917 enim
455 1873 512 1937 per
532 1851 591 1916 hos
617 1851 684 1916 dies
710 1852 857 1916 inausum
881 1850 1139 1916 intemeratumve
1164 1851 1275 1917 vobis?

249 1947 335 2030 quod
355 1966 470 2011 nomen
494 1945 568 2009 huic
594 1944 696 2010 coetui
718 1944 830 2009 dabo?
844 1944 999 2011 militesne
1024 1945 1193 2030 appellem,
1214 1945 1274 2028 ¹qui

248 2040 348 2103 filium
364 2039 559 2125 imperatoris
576 2039 673 2103 vestri
690 2037 773 2103 vallo
791 2047 822 2102 et
840 2039 933 2103 armis
952 2038 1213 2104 circumsedistis?
1234 2062 1275 2103 an

250 2134 348 2212 cives,
376 2132 490 2217 quibus
517 2143 580 2199 tam
607 2133 746 2218 proiecta
771 2142 899 2198 senatus
925 2132 1111 2198 auctoritas?
1135 2132 1275 2198 hostium

249 2249 375 2312 quoque
392 2228 442 2292 ius
460 2236 492 2292 et
510 2249 598 2292 sacra
609 2226 775 2314 legationis
793 2236 825 2291 et
840 2226 890 2291 fas
908 2227 1049 2312 gentium
1065 2225 1205 2312 rupistis.
1227 2227 1276 2291 di-

250 2344 310 2386 vus
336 2321 436 2387 Iulius
463 2321 648 2387 seditionem
679 2321 833 2386 exercitus
859 2319 956 2385 verbo
982 2342 1045 2385 uno
1072 2321 1273 2405 compescuit,

251 2414 389 2498 Quirites
407 2416 550 2480 vocando
568 2415 622 2498 qui
640 2406 867 2480 sacramentum
889 2414 955 2479 eius
978 2413 1205 2492 detrectabant3
1228 2415 1276 2478 di-

249 2532 308 2574 vus
321 2508 490 2596 Augustus
503 2510 592 2574 vultu
606 2519 638 2574 et
650 2518 780 2595 aspectu
792 2507 940 2573 Actiacas
953 2509 1093 2594 legiones
1111 2509 1274 2573 exterruit:

249 2626 307 2668 nos
325 2613 361 2668 ut
377 2605 517 2669 nondum
530 2604 667 2681 eosdem,
685 2605 729 2668 ita
746 2625 786 2667 ex
802 2603 863 2667 illis
881 2612 965 2668 ortos
984 2603 1012 2668 si
1024 2602 1199 2688 Hispaniae
1214 2601 1276 2688 Sy·

249 2698 355 2761 riaeve
372 2698 462 2762 miles
477 2707 702 2782 aspernaretur,
721 2708 826 2762 tamen
838 2697 952 2762 mirum
970 2707 1001 2761 et
1017 2697 1182 2783 indignum
1195 2707 1275 2761 erat:
1348 2688 1352 2694 ’

249 2791 390 2876 primane
416 2799 448 2854 et
473 2791 622 2854 vicesima
646 2790 799 2876 legiones,
826 2792 880 2855 illa
906 2792 1003 2877 signis
1030 2815 1049 2856 a
1071 2790 1198 2856 Tiberio
1224 2812 1277 2854 ac-

251 2883 363 2968 ceptis,
386 2892 421 2948 tu
437 2893 484 2948 tot
499 2883 688 2969 proeliorum
706 2885 803 2962 socia,
827 2895 872 2949 tot
893 2886 1040 2970 praemiis
1059 2895 1163 2962 aucta,
1187 2907 1276 2971 egre-

250 2979 336 3064 giam
349 2977 421 3041 duci
434 2987 537 3043 vestro
550 2978 682 3063 gratiam
695 2979 836 3044 refertis?
852 2979 937 3044 huno
954 3002 1014 3065 ego
1022 2980 1166 3044 nuntium
1183 2978 1274 3063 patri,

250 3072 333 3136 laeta
355 3071 459 3136 omnia
480 3072 549 3137 aliis
572 3073 774 3159 eprovinciis
798 3074 949 3151 audienti,
973 3073 1092 3138 feram?
1113 3073 1213 3158 ipsius
1235 3073 1275 3136 ti-

250 3187 356 3243 rones,
379 3166 479 3252 ipsius
497 3175 660 3232 veteranos
678 3190 742 3232 non
764 3168 926 3245 missione,
948 3190 1012 3232 non
1028 3167 1162 3252 pecunia
1179 3167 1275 3231 satia

186 3291 190 3297 ·
251 3270 315 3338 tos3
333 3260 385 3325 hic
403 3269 524 3325 tantum
540 3261 672 3326 interfici
689 3263 893 3340 centuriones,
912 3262 971 3328 eici
987 3261 1139 3338 tribunos,
1156 3260 1275 3325 includi

250 3355 385 3442 legatos3
412 3354 528 3420 infecta
550 3356 702 3442 sanguine
724 3366 839 3435 castra,
865 3357 1008 3434 flumina,
1034 3377 1147 3440 meque
1167 3377 1277 3440 preca-

201 3472 234 3520 re
251 3450 330 3514 riam
347 3449 482 3514 animam
499 3450 580 3514 inter
595 3449 735 3516 infensos
753 3451 884 3515 trahere.
906 3473 962 3515 cur
979 3450 1063 3514 enim
1076 3449 1184 3535 'primo
1202 3470 1277 3513 con-

253 3544 345 3609 tionis
364 3544 415 3608 die
427 3543 545 3608 fenum
558 3545 645 3622 illud,
664 3546 748 3629 quod
758 3545 876 3630 pectori
888 3567 958 3610 meo
971 3544 1101 3630 infigere
1113 3541 1274 3628 parabam,

253 3638 444 3714 detraxistis,
463 3660 482 3702 o
499 3637 654 3723 inprovidi
672 3639 781 3703 amici?
802 3637 913 3703 melius
932 3647 963 3702 et
980 3637 1134 3702 amantius
1151 3635 1204 3699 ille
1222 3634 1277 3718 qui

253 3732 393 3816 gladium
406 3730 571 3810 offerebat3
586 3732 768 3798 cecidissem
781 3741 863 3796 certe
876 3732 1016 3796 nondum
1028 3739 1075 3795 tot
1087 3729 1277 3815 flagitiorum

253 3825 402 3890 exercitui
418 3847 490 3890 meo
507 3826 649 3891 conscius
655 3852 664 3903 3
686 3826 842 3912 legissetis
860 3827 985 3903 ducem,
1008 3824 1062 3908 qui
1084 3825 1192 3886 meam
1208 3822 1278 3906 qui-

254 3919 326 3982 dem
343 3929 475 3983 mortem
496 3918 671 4005 inpunitam
693 3921 820 3998 sineret,
842 3919 920 3986 Vari
941 3929 1047 3984 tamen
1068 3926 1100 3982 et
1121 3917 1215 3980 trium
1232 3916 1277 3980 le-

253 4010 383 4097 gionum
403 4012 613 4077 ulcisceretur.
640 4035 741 4098 neque
764 4014 850 4078 enim-
863 4013 896 4078 di
918 4013 1021 4078 sinant
1041 4019 1077 4075 ut
1093 4009 1276 4096 Belgarum,

254 4125 444 4188 quamquam
461 4104 672 4187 offerentium,-
695 4109 791 4174 decus
808 4107 892 4172 istud
910 4116 941 4172 et
958 4103 1110 4172 claritudo
1128 4104 1183 4182 sit,
1202 4102 1277 4169 sub-
