2760 4874
383 367 586 425 ANNALIUM
603 367 676 422 LIB.
691 367 755 424 XV.
773 367 893 422 39-42.
1089 353 1150 418 301

127 471 150 509 p.
160 458 199 498 cn.
209 459 241 497 ιι.

126 526 200 591 lent‘
179 536 240 590 trae
254 547 383 609 campus
397 535 428 589 e
416 525 523 589 ttvelu
510 535 670 589 tvaeuum
685 524 806 589 caelum
816 533 998 590 occurreret.
977 525 1152 588 tnecdum

125 623 245 706 positas
258 629 360 684 metus
375 629 444 683 auct
444 644 479 684 ua
433 620 626 683 tredibat:
601 629 752 683 tsaevus
765 641 889 682 rursum
898 627 1058 704 grassatus
1068 619 1162 704 ignis

126 713 240 800 patulis
257 713 359 799 magis
377 713 464 777 urbis
481 713 573 791 locis,
597 735 696 795 eoque
719 722 839 798 strages
858 711 1019 775 hominum
1036 711 1150 776 minor:

126 807 256 872 delubra
273 808 420 871 deumt
389 818 420 871 et
437 818 506 892 port
507 808 574 871 icus
597 807 719 871 amoeni
721 807 776 870 tati
798 806 918 870 dicatae
940 805 1033 869 latius
1051 806 1152 890 proci-

126 903 213 979 dere;
232 900 365 986 plusque
382 901 529 965 infamiae
547 902 579 966 id
597 901 775 966 incendium
787 900 906 977 habuit,
885 900 999 982 tquia
1015 900 1151 984 praediis

127 995 274 1081 Tigellini
286 993 472 1059 Aemilianis
485 1018 656 1080 prorupere
657 996 906 1078 tvidebaturque
919 994 1002 1058 Nero
1017 994 1152 1063 conden-

127 1091 185 1153 dae
207 1088 293 1154 urbis
311 1111 411 1153 novae
434 1099 465 1153 et
487 1099 693 1197 cognomento
716 1111 773 1152 suo
795 1087 998 1173 appellandae
1020 1075 1151 1173 gloriam

125 1204 284 1265 quaerere.
307 1183 423 1268 quippe
441 1183 473 1246 in
495 1184 638 1290 regiones
657 1191 744 1264 quatt
720 1182 903 1246 ttuordecim
920 1181 1023 1245 Roma
1040 1181 1152 1244 dividi-

127 1288 190 1354 tur,
216 1299 349 1359 quarum
367 1286 514 1359 quattuor
531 1279 670 1362 integrae
688 1275 870 1354 manebant,
894 1285 956 1339 tres
975 1275 1073 1340 solot
1060 1285 1150 1339 tenus

126 1371 279 1449 deiectae,
307 1381 427 1456 septem
444 1372 571 1454 reliquis
590 1394 692 1456 pauca
705 1381 856 1435 tectorum
874 1370 1010 1456 vestigia>
1025 1392 1151 1455 supere-

126 1474 204 1539 rant,
223 1464 326 1529 lacera
343 1475 377 1529 et
392 1474 539 1546 semusta.

189 1557 352 1634 Domuum
367 1568 398 1623 et
411 1559 582 1623 insularum
592 1569 623 1623 et
636 1558 832 1644 templorum,
847 1580 927 1641 quae
941 1558 1147 1634 amissasunt,
1168 1580 1198 1625 ιι

125 1675 289 1716 numerum
311 1652 388 1717 inire
410 1649 495 1717 haud
517 1663 696 1739 promptum
722 1653 829 1731 fuerit3
857 1654 913 1718 sed
938 1652 1150 1717 vetustissima

124 1746 288 1832 religione,
311 1747 396 1829 quod
415 1744 544 1811 Servius
564 1739 687 1811 Tullius
705 1748 832 1824 Lunae,
852 1749 883 1811 et
899 1771 1014 1833 magna
1031 1770 1085 1810 ara
1102 1745 1151 1810 fa-

124 1862 276 1922 numque,
300 1863 380 1922 quae
398 1842 554 1925 praesenti
571 1842 703 1906 Herculi
720 1841 822 1906 Arcas
840 1842 990 1906 Euander
1008 1863 1151 1905 sacrave-

124 1942 181 2008 rat,
196 1932 356 2014 aedesque
372 1932 505 2018 Statoris
518 1935 604 1998 Iovis
623 1946 696 1998 vota
708 1935 844 2003 Romulo
862 1935 1045 2016 Numaeque
1063 1934 1150 2019 regia

126 2035 157 2088 et
175 2025 339 2089 delubrum
352 2026 470 2092 Vestae
488 2050 560 2095 cum
572 2029 737 2112 penatibus
750 2029 858 2113 populi
871 2028 1007 2093 Romani
1024 2039 1148 2103 exusta3

124 2120 187 2182 iam
206 2141 281 2203 opes
300 2128 345 2183 tot
367 2120 504 2185 victoriis
527 2122 686 2204 quaesitae
705 2131 736 2184 ιι
755 2120 947 2186 Graecarum
965 2120 1077 2184 artium
1096 2121 1150 2183 de-

125 2237 210 2291 cora3
234 2214 306 2276 exin
323 2226 529 2281 monumenta·
546 2216 741 2302 ingeniorum
764 2216 892 2298 antiqua
910 2225 941 2279 et
961 2215 1147 2298 incorrupta,

124 2308 268 2390 quamvis
290 2307 324 2371 in
346 2317 431 2372 tanta
452 2310 643 2396 resurgentis
669 2309 755 2375 urbis
782 2308 1025 2395 pulchritudine,
1051 2307 1149 2371 multa

28 2458 40 2478 „
125 2402 261 2466 seniores
283 2403 490 2482 meminerint,
527 2427 607 2488 quae
624 2405 762 2489 reparari
783 2404 962 2511 nequibant.
941 2403 1076 2467 tfuere
1095 2403 1149 2509 qui

124 2496 307 2561 adnotarent
294 2505 469 2579 tquartum
487 2498 644 2591 decimum
661 2498 723 2564 kal.
745 2496 880 2563 Sextiles
898 2496 1084 2582 principium
1101 2494 1149 2565 in·

124 2590 226 2653 cendii
246 2590 415 2668 huiust
368 2602 415 2655 ort
418 2615 480 2669 um,
507 2602 627 2675 quoet
595 2591 791 2658 etSenones
818 2602 941 2677 captam
966 2588 1110 2655 urbem
1101 2612 1149 2665 ιιι-

123 2683 359 2749 flammaverint
391 2687 446 2750 alii
465 2710 502 2751 eo
524 2709 624 2770 usque
648 2710 723 2752 cura
738 2687 898 2774 progressi
921 2695 1039 2750 suntu
980 2694 1053 2749 tut
1078 2683 1148 2747 toti-

124 2779 195 2841 dem
212 2790 312 2844 annos
333 2803 519 2866 mensesque
538 2791 569 2846 e
557 2782 724 2847 tdiest
677 2805 710 2845 m
711 2791 757 2846 ter
778 2785 909 2865 utraque
931 2779 1074 2844 incendia
1090 2801 1149 2841 nu-

123 2882 251 2935 merent.

188 2962 344 3066 (lemma
352 2969 435 3038 Nero
458 2994 534 3036 usus
553 2980 602 3036 est
618 2972 736 3056 patriae
758 2971 857 3035 ruinis
876 2969 999 3035 extruxi
1000 2979 1073 3051 tque
1092 2966 1148 3029 do·
1165 2984 1197 3030 aa

123 3033 435 3237 muwhffl
451 3067 581 3150 proinde
595 3087 738 3151 gemmae
756 3076 787 3129 et
805 3088 915 3129 aurum
931 3062 1081 3127 miraculo
1100 3082 1149 3125 es-

124 3163 192 3216 sent
337 3158 459 3241 pridem
477 3170 507 3222 et
528 3158 606 3222 luxu
623 3159 763 3244 volgata,
782 3180 876 3241 quarn
895 3165 1018 3222 arvaet
1023 3164 1148 3262 stagna

123 3247 202 3318 etin
223 3247 353 3314 modum
375 3252 577 3316 solitudinum
600 3253 672 3316 hinc
691 3253 802 3327 silvae,
824 3252 897 3314 inde
919 3259 1026 3334 aperta
1048 3248 1148 3333 spatia

122 3349 316 3427 ettprospec
316 3366 367 3420 us,
391 3345 601 3453 magistriset
588 3343 880 3409 tmachinatoribus
901 3341 1018 3408 Severo
1037 3352 1068 3406 ι
1056 3339 1148 3406 tace

122 3433 199 3512 lere,
222 3436 368 3519 quibus
359 3440 520 3524 ingenium
543 3450 574 3503 et
562 3438 722 3504 taudacia
739 3447 805 3506 erat
814 3439 915 3502 etiam
933 3459 1014 3520 quae
1036 3447 1148 3500 natura

111 3528 342 3615 ’denegavisset
362 3555 418 3618 per
435 3543 533 3598 artem
555 3543 705 3619 temptare
716 3543 760 3599 ,et
776 3532 894 3597 viribus
912 3532 1060 3618 principis
1077 3531 1147 3594 illu-

122 3623 209 3701 dere;
233 3631 368 3708 namque
386 3627 426 3692 ab
443 3628 515 3692 lacu
531 3626 661 3692 Averno
682 3627 892 3712 navigabilem
910 3628 1029 3692 fossam
1047 3646 1146 3709 usque

115 3717 234 3781 'adt
185 3729 234 3783 ost
234 3718 265 3783 ia
287 3720 436 3786 Tiberina
457 3723 661 3806 depressuros
688 3722 906 3807 promiserant,
934 3721 1088 3803 squalenti
1065 3719 1147 3783 tli-

122 3819 188 3874 tore
206 3822 259 3875 aut
275 3835 332 3897 per
348 3825 436 3878 mont
437 3837 470 3879 es
424 3808 652 3880 adversos
643 3865 652 3894 ,
670 3816 867 3900 nequeenim
882 3815 966 3879 aliud
983 3814 1146 3878 humidum
1239 3853 1241 3856 <

38 3962 41 3968 .
122 3904 198 3988 giga
157 3906 287 3969 <mendis
306 3908 395 3990 aquis
413 3910 545 3974 occurrit
562 3933 656 4018 quam
673 3909 858 3994 Pomptinae
876 3905 1021 3995 paludes:
1044 3899 1146 3973 cetera

122 3997 254 4082 abrupta
272 4009 327 4063 aut
345 4012 431 4065 arent
432 4002 475 4079 ia,
495 4026 531 4067 ιο
550 4004 577 4068 si
594 4004 752 4088 perrumpi
768 4013 965 4088 possent‚1n
933 4003 1144 4068 intolerandus

121 4091 210 4156 labor
226 4116 285 4158 nec
304 4103 351 4158 sat
352 4095 378 4160 is
397 4119 519 4162 causae.
542 4097 625 4164 Nero
643 4108 806 4176 tamen,u
784 4106 901 4163 uterat
918 4097 1144 4164 incredibilium
