2760 4874
217 755 250 801 44

210 2341 243 2387 45

940 32 1033 175 Q

273 393 334 458 174
620 402 803 462 CORNELII
817 404 947 461 Taum

1130 507 1151 537 a
1162 508 1185 538 ιι.
1196 499 1244 539 ras.
1254 500 1299 540 rsa.

268 560 474 627 reverentiam
490 560 524 623 in
541 581 613 636 nos,
636 559 733 625 decus
751 561 885 645 quisque
907 584 1000 627 suum
1022 573 1053 628 et
1070 562 1167 629 fidem
1185 566 1300 632 retine·
1326 564 1329 568 ’

268 669 345 720 rent.
368 655 451 718 exim
469 675 542 718 cum
558 652 761 739 legionibus
751 675 786 717 ιιι
804 653 930 740 Syriam
946 657 1106 722 remeavit.

333 747 424 830 Quae
437 746 560 812 duabus
574 746 745 812 aestatibus
758 757 849 833 gesta
862 748 1019 858 coniunxi,
1038 771 1101 833 qno
1117 751 1299 834 requiesce-

213 822 314 908 3⁸lrot
332 843 454 907 animus
468 864 487 906 a
500 840 678 906 domesticis
693 841 798 919 malis3
790 864 880 907 ·non
898 841 981 924 enim
995 841 1168 922 Tiberium,
1186 866 1299 929 quam-

266 960 361 1020 quam
383 934 514 1000 triennio
536 942 610 1019 post
630 934 759 999 caedem
782 932 905 1012 Seiani,
928 944 1009 1019 quaa
1031 945 1152 1004 eeteros
1174 939 1298 1006 mollire

267 1031 421 1106 solent,t
421 1050 546 1113 empus,
573 1049 695 1112 preces,
724 1027 819 1093 satias
845 1027 1046 1114 mitigabant,
1073 1030 1152 1113 quin
1176 1031 1298 1098 incerta

265 1124 316 1188 vel
330 1122 446 1188 abolita
463 1143 520 1207 pro
536 1120 731 1207 gravisdmis
750 1131 782 1186 et
797 1122 975 1188 recentibus
993 1123 1191 1208 puniretfeo
1208 1136 1297 1191 metu

264 1217 427 1282 Fulcinius
453 1214 543 1292 Trio,
573 1215 747 1301 ingruentis
773 1226 971 1281 accusatores
1001 1217 1087 1281 haud
1111 1238 1295 1304 perpessus,

265 1310 420 1396 supremis
442 1308 557 1374 tabulis
579 1310 678 1373 multa
700 1318 732 1376 et
753 1310 869 1376 atrocia
890 1309 924 1375 in
941 1309 1125 1376 Macronem
1148 1334 1188 1378 ac
1205 1332 1297 1398 prae-

264 1405 372 1490 cipuos
397 1402 578 1468 libertorum
602 1401 748 1469 Caesaris
771 1404 948 1489 conposuit,
975 1403 1038 1489 ipsi
1062 1405 1183 1471 fluxam
1206 1407 1296 1472 senio

263 1507 400 1563 mentem
426 1506 458 1562 et
479 1496 625 1562 continuo
650 1496 804 1564 abscessu
829 1497 915 1563 velut
940 1498 1069 1563 exilium
1094 1499 1294 1580 obtestando,

263 1613 344 1675 quae
366 1592 406 1656 ab
428 1590 595 1656 heredibus
618 1591 773 1657 occultata
793 1592 917 1658 recitari
938 1591 1084 1659 Tiberius
1104 1593 1217 1672 iussit,
1239 1616 1296 1681 pa·

263 1685 403 1750 tientiam
428 1684 580 1750 libertatis
606 1685 725 1750 abenas
751 1693 912 1751 ostentans
940 1695 971 1751 et
993 1695 1190 1773 contemptor
1218 1710 1294 1755 suae

261 1778 423 1855 infamiae,
450 1801 492 1843 an
515 1777 666 1843 scelerum
692 1777 799 1845 Seiani
821 1779 875 1844 diu
897 1779 1036 1857 nescius,
1063 1802 1139 1846 mox
1164 1800 1294 1866 quoquo

261 1873 354 1938 modo
372 1871 456 1936 dicta
473 1871 595 1957 vulgari
613 1871 749 1937 malebat
766 1872 977 1956 veritatisque,
996 1873 1048 1938 cui
1064 1873 1206 1940 adulatio
1224 1875 1296 1940 offi-

262 1966 316 2044 cit,
335 1988 392 2050 per
408 1965 523 2050 probra
540 1965 651 2030 saltem
668 1989 785 2052 gnarus
802 1966 879 2032 fieri.
902 1966 1003 2033 isdem
1020 1965 1132 2034 diebus
1152 1965 1293 2035 Granius

261 2058 443 2124 Marcianus
458 2067 583 2125 senator
600 2082 619 2123 a
634 2057 671 2124 C.
688 2057 833 2125 Graccho
845 2059 1017 2125 maiestatis
1029 2059 1211 2146 postulatus
1228 2063 1293 2128 vim

261 2153 344 2218 vitae
363 2175 439 2218 suae
456 2153 572 2240 attulit,
591 2153 767 2237 Tariusque
786 2151 970 2231 Gratianus,
987 2161 1135 2239 praetura
1150 2154 1292 2236 functus,

261 2246 332 2334 lege
350 2248 460 2312 eadem
477 2256 651 2314 extremum
668 2247 709 2310 ad
727 2246 914 2332 supplicium
932 2248 1107 2313 damnmns.

325 2341 392 2405 Nec
409 2341 549 2425 dispares
568 2339 757 2405 Trebelliani
774 2341 849 2405 Rufi
866 2350 898 2405 et
916 2338 1018 2405 Sextii
1034 2340 1210 2407 Paconiani
1227 2344 1294 2409 exi-

215 2407 274 2499 39)ι
261 2444 326 2499 tzus
352 2458 427 2498 nam
449 2433 664 2499 Trebellianus
688 2456 746 2499 sua
764 2445 863 2499 manu
884 2435 1010 2512 cecidit,
1032 2434 1292 2502 Paconianusin

207 3563 239 3610 46

203 3629 245 3676 (40)

260 2550 382 2593 carcere
405 2527 445 2593 ob
468 2528 606 2593 carmina
622 2527 734 2593 illic1n
756 2550 826 2613 prin
895 2552 928 2593 m
949 2528 1090 2594 factitma
1112 2531 1292 2616 strangula-

260 2633 310 2686 tus
328 2632 386 2687 est
413 2621 492 2686 haec
509 2621 655 2687 Tiberius
677 2644 741 2687 non
762 2550 913 2721 marm
929 2622 1018 2699 olim,
1041 2621 1163 2687 divisus
1186 2646 1291 2708 nequa

259 2737 315 2798 per
327 2712 515 2800 longinquos
530 2715 655 2779 nuntios
669 2714 852 2801 accipiebat,
871 2716 928 2781 sed
941 2714 1055 2780 urbem
1064 2715 1162 2794 iuxta,
1178 2718 1292 2783 eodem

260 2816 294 2870 ut
315 2807 366 2871 die
388 2807 439 2871 vel
460 2808 560 2872 noctis
582 2808 745 2873 interiectu
766 2808 876 2874 litteris
903 2809 1066 2877 consulum
1092 2809 1290 2888 rescriberet,

259 2899 349 2982 quasi
371 2899 526 2984 aspiciens
547 2900 718 2966 undantem
735 2924 791 2987 per
813 2903 923 2968 domos
947 2901 1132 2988 sanguinem
1150 2913 1206 2968 ant
1224 2927 1291 2970 ma·

259 3017 318 3058 nus
336 2993 526 3059 camificum.
931 3027 934 3031 ⁷
1218 3024 1221 3029 ¹

322 3087 402 3152 Fine
423 3087 497 3151 anni
513 3086 682 3173 Poppaeus
707 3087 844 3156 Sabinus
867 3088 1021 3155 concessit
1042 3089 1121 3167 vita,
1144 3091 1289 3158 modicus

258 3181 400 3267 originis,
431 3181 607 3267 principum
637 3181 773 3248 'amicitia
803 3184 1000 3249 consulatum
1030 3203 1068 3247 ac
1099 3182 1290 3270 triumphale

257 3275 354 3340 decus
377 3277 509 3361 adeptus
531 3277 739 3359 maximisque
761 3277 929 3362 provinciis
950 3287 1008 3362 per
1029 3286 1176 3359 quattuor
1193 3287 1228 3346 at
1244 3280 1291 3343 vi·

258 3370 337 3456 ginti
354 3393 452 3436 annos
465 3370 630 3456 inpositus,
649 3370 767 3436 nullam
784 3370 825 3436 ob
839 3370 987 3437 eximiam
999 3379 1107 3448 auem,
1127 3372 1186 3437 sed
1204 3373 1290 3456 quod

258 3472 316 3548 par
332 3465 465 3551 negotiis
483 3487 585 3546 neque
604 3487 699 3549 supra
716 3473 790 3529 erat.

324 3559 457 3641 Qunuus
480 3559 646 3635 Pnaurrns,
670 3556 745 3623 Sex.
769 3558 912 3624 Parnuns
934 3559 1078 3626 consules
1102 3571 1288 3643 sequuntur.

259 3677 296 3718 eo
314 3676 395 3718 anno
409 3675 511 3736 neque
525 3653 610 3737 quod
623 3654 664 3717 L
678 3653 833 3718 Amseius
848 3651 912 3688 *⁴¹*
926 3662 1025 3718 morte
1039 3652 1158 3718 adfecti
1174 3655 1288 3732 forent,

257 3745 462 3812 adsuetudine
481 3747 634 3812 malorum
650 3757 686 3812 ut
703 3757 793 3812 atrox
810 3746 1042 3824 advertebatur,
1062 3747 1119 3812 sed
1137 3749 1290 3813 exterruit

257 3842 343 3922 quod
360 3841 536 3907 Vibulenus
554 3842 713 3929 Agrippa,
738 3864 833 3926 eques
852 3843 1029 3920 Romanus,
1053 3864 1131 3919 cum¹
1143 3866 1290 3928 peroras·

110 3980 112 3985 s
215 4006 218 4012 ⁴
258 3943 328 3999 sent
345 3944 551 4013 accusatores,
570 3936 603 4000 in
620 3937 690 4021 ipsa
707 3937 793 4000 curia
806 3937 1025 4022 depromptum
1039 3935 1112 4000 sinu
1129 3955 1289 4003 venenum

256 4027 375 4109 hausit,
406 4029 635 4115 prolapsusque
661 4051 698 4095 ac
723 4031 941 4112 moribundus⁴
958 4029 1114 4096 festinatis
1140 4030 1288 4098 lictorum

258 4120 401 4186 manibus
419 4123 453 4186 in
474 4144 631 4189 carcerem
648 4133 756 4210 raptus
775 4134 837 4203 est,
860 4124 1032 4225 lancesque
1049 4123 1113 4189 iam
1131 4125 1288 4193 exanimis
