2760 4874
12 288 46 367 *¹
215 368 277 433 104
566 376 751 432 CORNELII
763 374 892 431 TACITI

1128 473 1235 511 α.1.775.

212 538 346 622 quisque
362 535 495 622 gratiam
510 534 642 611 trabant,
661 534 753 598 unius
773 533 889 598 invidia
906 533 946 599 ab
964 535 1108 601 omnibus
1126 559 1237 622 pecca-

212 641 270 695 tur.
298 630 374 713 quid
396 628 479 693 enim
500 628 636 712 primum
657 626 821 712 prohibere
844 639 874 691 et
895 627 1033 713 priscum
1056 630 1096 693 ad
1117 653 1236 696 morem

211 724 348 790 recidere
366 721 548 808 adgrediar?
569 720 752 784 villarumne
770 721 891 785 infinita
908 722 1028 806 spatia?
1048 722 1236 789 familiarum

211 839 375 881 numerum
392 825 424 880 et
440 814 600 880 nationes?
617 814 739 900 argenti
756 822 787 878 et
805 815 872 878 auri
888 815 1032 898 pondus?
1049 817 1128 881 aeris
1147 819 1237 883 tabu-

211 911 372 994 larumque
390 908 557 974 meacula?
578 908 750 993 promiscas
768 908 843 972 viris
862 919 893 972 et
916 908 1040 974 seminis
1063 921 1168 976 vestes
1191 923 1236 976 at-

211 1026 272 1088 que
289 1003 343 1068 illa
359 1003 554 1093 feminarum
560 1001 701 1089 propria,
724 1001 794 1085 quis
811 1001 951 1087 lapidum
973 1025 1069 1068 eausa
1085 1006 1236 1089 pecuniae

161 1120 193 1167 54
211 1107 335 1162 nostrae
353 1097 394 1161 ad
411 1105 555 1161 externas
574 1104 628 1160 aut
644 1095 767 1159 hostilis
785 1104 894 1180 gentes
913 1095 1161 1161 transferuntur?
1178 1121 1236 1164 nec

210 1193 319 1279 ignoro
332 1192 365 1256 in
374 1190 530 1255 conviviis
544 1198 576 1254 et
588 1188 716 1254 circulis
724 1189 861 1254 incusari
874 1190 935 1254 ista
948 1199 979 1254 et
991 1190 1120 1256 modum
1132 1194 1234 1277 posei3

211 1287 268 1352 sed
285 1286 313 1350 si
330 1285 400 1369 quis
418 1285 522 1370 legem
540 1284 672 1361 sauciat,
695 1305 813 1368 poenas
831 1283 961 1362 indicat,
983 1285 1080 1349 iidem
1098 1286 1143 1350 illi
1161 1287 1236 1350 civi·

211 1388 306 1443 tatem
327 1378 419 1455 verti,
444 1376 695 1462 splendidissimo
714 1377 830 1459 euique
848 1377 977 1444 exitium
998 1379 1115 1462 parari,
1139 1380 1236 1443 nemi-

209 1493 283 1536 nem
309 1470 445 1535 criminis
472 1478 631 1554 expertem
653 1469 879 1535 clamitabuntr
910 1471 997 1554 atqui
1026 1493 1066 1535 ne
1097 1473 1234 1557 corporis

210 1565 337 1648 quidem
362 1562 488 1629 morbos
515 1572 636 1629 veteres
663 1573 694 1627 et
719 1563 773 1627 diu
799 1573 907 1629 auctos
933 1565 995 1630 nisi
1019 1587 1075 1650 per
1100 1566 1179 1630 dura
1205 1577 1235 1631 et

210 1680 322 1743 aspera
343 1679 501 1722 coerceas:
528 1651 692 1742 corruptus
719 1657 813 1721 simul
835 1666 866 1722 et
888 1668 1061 1743 corruptor,
1089 1682 1183 1746 aeger
1205 1671 1236 1724 et

209 1751 345 1838 flagrans
372 1751 494 1816 animus
520 1751 604 1815 haud
630 1750 799 1817 levioribus
825 1752 971 1816 remediis
994 1752 1234 1838 restinguendus

210 1854 258 1910 est
284 1867 378 1929 quam
404 1844 584 1909 libidinibus
613 1845 755 1913 ardescit„
787 1854 833 1910 tot
857 1869 878 1910 a
899 1845 1068 1911 maioribus
1094 1857 1234 1932 repertae

209 1940 309 2026 leges,
328 1948 375 2003 tot
391 1961 469 2022 quas
488 1939 578 2004 divus
596 1937 764 2026 Augustus
783 1940 866 2015 tulit,
884 1939 956 2005 illae
975 1940 1144 2019 oblivione,
1163 1942 1232 2020 hae,

210 2033 295 2116 quod
308 2031 492 2118 flagitiosius
506 2042 563 2110 est,
583 2042 763 2118 contemptu
776 2032 909 2098 abolitae
924 2033 1112 2098 securiorem
1124 2035 1234 2100 luxum

209 2127 331 2202 fecere
344 2149 416 2190 uam
435 2125 463 2190 si
480 2125 557 2190 velis
576 2126 661 2210 quod
678 2126 817 2191 nondum
835 2126 966 2190 vetitum
984 2136 1045 2205 est,
1064 2127 1174 2194 timeas
1193 2141 1238 2194 ne‘

139 2241 143 2248 ’
210 2229 313 2283 vetere
318 2241 327 2297 ;
346 2229 378 2283 at
396 2218 423 2282 si
439 2218 596 2305 prohibita
612 2220 739 2304 impune
756 2220 994 2298 transcenderis,
1012 2243 1113 2304 noque
1130 2231 1233 2287 metus

210 2315 291 2380 ultra
307 2337 408 2398 neque
425 2315 527 2400 pudor
540 2324 596 2380 est.
620 2337 675 2379 cur
692 2336 767 2400 ergo
785 2314 860 2379 olim
872 2315 1062 2400 parsimonia
1078 2315 1234 2401 pollebat?

210 2409 283 2492 quia
309 2408 369 2473 sibi
394 2409 529 2494 quisque
554 2408 787 2487 moderabatur,
819 2408 893 2490 quia
917 2408 1015 2472 unius
1035 2408 1122 2473 urbis
1149 2409 1233 2474 cives

210 2525 347 2579 eramus3
374 2525 413 2566 ne
434 2503 633 2568 inritamenta
655 2502 781 2587 quidem
802 2503 913 2567 eadem
933 2502 1015 2566 intra
1031 2502 1156 2566 Italiam
1165 2503 1234 2568 ··do-

100 2620 105 2629 ’
209 2596 413 2662 minantibus:
432 2598 567 2662 externis
581 2597 717 2662 victoriis
731 2596 840 2674 aliena,
860 2595 1002 2661 civilibus
1017 2596 1110 2660 etiam
1127 2606 1234 2661 nostra

210 2712 392 2757 consumere
410 2691 586 2756 didicimus.
609 2690 794 2774 quantulum
811 2691 896 2755 istud
914 2699 962 2755 est
979 2690 1018 2753 de
1036 2711 1098 2772 quo
1116 2691 1232 2755 aediles

210 2783 390 2849 admonenti
414 2805 523 2870 quam,
546 2784 573 2848 si
591 2795 694 2849 cetera
714 2785 878 2870 respicias,
901 2785 934 2849 in
955 2785 1018 2849 levi
1039 2785 1232 2849 habendum!

122 2866 140 2925 κ’
210 2887 242 2943 at
258 2877 383 2941 hercule
405 2899 498 2940 nemo
520 2877 615 2941 refert
633 2879 717 2961 quod
734 2878 827 2943 Italia
848 2889 994 2943 externae
1017 2879 1086 2964 opis
1104 2879 1231 2965 indiget,

209 2971 294 3056 quod
311 2971 376 3034 vita
396 2971 504 3055 populi
526 2967 663 3036 Romani
683 2995 740 3057 per
756 2973 874 3037 incerta
895 2973 990 3055 maris
1013 2983 1044 3037 et
1066 2981 1233 3057 tempesta-

209 3077 276 3130 tum
298 3064 410 3129 cotidie
432 3064 580 3143 volvitur3
607 3087 644 3129 ac
666 3066 727 3130 nisi
748 3067 977 3151 provinciarum
1000 3066 1108 3151 copiae
1128 3075 1161 3130 et
1178 3067 1234 3130 do-
1298 3140 1302 3142 ,

209 3158 301 3223 minis
320 3168 351 3222 et
368 3158 502 3224 servitiis
522 3168 552 3223 et
570 3159 654 3244 agris
673 3160 887 3239 subvenerint,
911 3171 1017 3225 nostra
1039 3182 1096 3225 nos
1115 3160 1233 3225 scilieet

209 3275 337 3318 nemora
361 3263 547 3337 nostraeque
572 3255 664 3318 villae
690 3254 869 3320 tuebuntur,
904 3255 998 3332 hanc,
1029 3263 1133 3340 patres
1159 3276 1233 3318 oon-

209 3349 324 3434 scripfi,
344 3371 450 3414 euram
465 3350 597 3414 sustinet
609 3349 769 3434 princeps3
786 3350 865 3414 baec
878 3351 995 3414 omissa
1008 3349 1149 3414 funditus
1167 3372 1233 3414 rem

208 3443 366 3528 publicam
392 3443 506 3521 trahet3
532 3443 659 3527 reliquis
684 3445 767 3509 intra
791 3445 930 3527 animum
955 3445 1145 3508 medendum
1171 3453 1232 3508 est:

208 3531 265 3604 nos
286 3538 401 3624 pudor,
427 3560 581 3622 pauperes
603 3539 788 3615 necessitas,
815 3539 927 3603 divites
950 3538 1045 3603 satias
1067 3538 1100 3602 in
1121 3538 1232 3602 melius
1336 3603 1342 3611 ,

209 3642 316 3697 mutet.
344 3643 398 3698 aut
416 3632 443 3698 si
461 3633 530 3716 quis
549 3655 589 3697 ex
606 3633 840 3718 magistratibus
858 3641 977 3698 tautam
994 3632 1179 3696 industriam
1196 3654 1233 3697 ac

209 3727 407 3792 severitatem
427 3727 592 3812 pollicetur
613 3725 649 3791 ut
665 3728 710 3791 ire
732 3726 857 3792 obviam
879 3736 987 3810 queat,
1013 3727 1098 3791 hunc
1121 3733 1180 3811 ego
1203 3736 1233 3790 et

130 3862 134 3866 -
208 3820 317 3898 laudo,
340 3831 372 3885 et
394 3821 555 3886 exonerari
577 3820 720 3885 laborum
742 3843 883 3885 meorum
904 3822 1025 3906 pa'rtem
1042 3819 1156 3883 fateor:
1183 3819 1233 3882 sin

209 3930 355 3979 accusare
376 3915 453 3978 vitia
467 3915 596 3992 volunt,
620 3915 705 3991 dein,
729 3937 801 3978 cum
822 3914 954 4001 gloriam
976 3914 1043 3979 eius
1060 3912 1107 3977 rei
1128 3912 1232 3996 adepti

210 4016 291 4084 sunt,
310 4008 482 4073 simultates
495 4009 615 4073 faciunt
632 4031 669 4073 ae
686 4009 763 4072 mihi
780 4007 965 4092 relinquunt,
985 4007 1108 4084 credite,
1127 4015 1231 4091 patres

209 4101 384 4187 conscripti,
403 4124 453 4166 me
467 4124 591 4186 quoque
609 4125 672 4168 non
685 4102 977 4169 esseoffensionum
994 4101 1134 4179 avidum3
1152 4121 1230 4183 quas
1350 4115 1358 4138 ²

71 4270 281 4588 Ἄ
