2760 4874
916 276 935 311 θ

392 345 599 405 ANNALIUM
616 346 690 400 LlB.
704 346 783 403 XIV.
801 347 920 404 39-44.
1099 337 1162 402 273
1220 372 1229 391 ι

138 440 253 493 aanor.
347 474 350 478 ,

136 508 329 595 praefectum
346 504 433 569 urbis
448 514 662 590 arguerentur,
682 504 722 568 ad
735 514 910 589 praetorem
924 505 1096 583 detulisset,
1115 507 1162 570 in·

138 603 227 666 terim
250 600 353 685 specie
375 599 495 684 legum,
520 620 594 662 mox
617 598 860 682 praevaricando
883 598 1032 662 ultionem
1055 600 1161 664 elusu-

136 718 200 759 rus.
228 693 352 758 additur
375 702 502 756 senatus
525 692 684 768 consulto,
710 692 764 774 qui
786 691 881 755 talem
902 714 1030 776 operam
1052 694 1162 777 empti⁴

138 798 235 852 tasset
248 787 493 863 vendidissetve,
512 786 640 870 perinde
653 807 755 870 poena
768 796 924 850 teneretur
936 809 973 850 ac
992 787 1019 850 si
1034 786 1161 871 publico

138 881 252 945 iudicio
271 880 445 945 calumniae
463 880 699 943 condemnatus.

166 1026 170 1037 ,
201 975 300 1039 Haud
317 974 414 1038 multo
432 983 504 1058 post
527 973 721 1058 praefectum
743 973 830 1039 urbis
848 973 1024 1039 Pedanium
1044 974 1163 1040 Secun-
1181 995 1213 1042 42

138 1071 214 1132 dum
233 1090 341 1131 servus
359 1067 459 1152 ipsius
477 1066 632 1131 interfecit
649 1089 707 1132 seu
724 1077 839 1153 negata
855 1068 1005 1146 libertate,
1024 1069 1075 1134 cui
1092 1091 1162 1154 pre-

138 1164 216 1227 tium
238 1161 413 1247 pepigerat,
438 1161 504 1224 sive
526 1183 632 1225 amore
655 1161 769 1225 exoleti
790 1161 932 1226 infensus
951 1173 982 1227 et
999 1164 1162 1227 dominum

138 1258 297 1322 aemulum
317 1279 381 1319 non
403 1256 547 1319 tolerans.
574 1265 712 1320 ceterum
734 1278 806 1319 cum
828 1266 931 1321 vetere
949 1279 989 1321 ex
1011 1280 1097 1321 more
1115 1259 1163 1321 fa-

138 1351 257 1414 miliam
280 1371 418 1426 omnem,
442 1371 522 1432 quae
545 1348 604 1413 sub
626 1350 737 1414 eodem
759 1359 840 1413 tecto
862 1351 1096 1428 mansitaverat,
1121 1352 1162 1414 ad

141 1444 329 1530 supplicium
347 1443 399 1528 agi
417 1454 585 1528 oporteret,
604 1465 759 1508 concursu
777 1443 893 1529 plebis,
911 1467 991 1528 quae
1010 1454 1055 1509 tot
1071 1445 1161 1509 inuo-
1195 1506 1198 1512 .

138 1539 208 1603 xios
226 1537 421 1624 protegebat,
444 1559 545 1620 usque
563 1539 604 1601 ad
622 1537 807 1601 seditionem
824 1549 953 1602 ventum
971 1549 1019 1602 est
1037 1549 1162 1602 senatu-

138 1655 199 1716 que
212 1631 328 1717 inipso
343 1642 430 1696 erant
443 1632 547 1695 studia
559 1631 688 1694 nimiam
703 1631 900 1696 severitatem
918 1631 1161 1717 aspernantium,

139 1725 280 1810 pluribus
298 1721 376 1789 nihil
393 1726 577 1789 mutandum
595 1725 805 1803 censentibus,
824 1727 951 1809 exquir
971 1725 1009 1791 Ο.
1029 1724 1162 1790 Cassius

139 1819 309 1883 sententiae
326 1820 397 1883 loco
413 1819 446 1882 in
462 1819 546 1884 hunc
564 1820 693 1883 modum
710 1819 872 1884 disseruit:

205 1911 473 1996 „Saepenumero‚
492 1922 596 1997 patres
615 1912 797 1996 conscripti,
815 1913 849 1976 in
866 1913 926 1976 hoc
944 1913 1051 1977 ordine
1069 1912 1169 1976 inter··
1180 1933 1213 1979 43

138 2007 199 2083 fui,
222 2028 295 2070 cum
317 2016 424 2069 contra
441 2007 583 2070 instituta
600 2016 632 2070 et
648 2007 735 2092 leges
758 2007 912 2071 maiorum
934 2029 1016 2071 nova
1034 2016 1161 2070 senatus

139 2102 264 2164 decreta
288 2098 532 2184 postularentur,
559 2121 661 2183 neque
684 2123 755 2163 sum
777 2101 974 2177 adversatus,
1001 2123 1064 2164 non
1090 2100 1164 2182 quia

140 2192 314 2257 dubitarem
342 2215 436 2278 super
458 2193 603 2258 omnibus
630 2194 765 2280 negotiis
792 2188 1020 2277 meliusatque
1045 2194 1160 2257 rectius

139 2288 213 2352 olim
226 2288 387 2372 provisum
406 2298 445 2365 et,
465 2309 545 2371 quae
560 2298 820 2365 converterentur,
839 2291 872 2352 ia
886 2288 1022 2352 deterius
1040 2288 1162 2365 mutari,

140 2383 196 2446 sed
213 2405 252 2446 ne
270 2382 366 2446 nimio
380 2404 486 2446 amore
501 2382 620 2466 antiqui
633 2383 730 2446 moris
745 2382 884 2446 studium
897 2405 1002 2445 meum
1016 2381 1163 2446 extollere

139 2477 273 2553 viderer;
293 2477 387 2540 simul
404 2477 558 2560 quidquid
570 2477 635 2541 'hoc
652 2477 686 2540 in
702 2475 794 2540 nobis
812 2476 1002 2541 auctoritatis
1022 2485 1079 2552 est,
1098 2498 1164 2540 cre-

139 2569 203 2634 bris
222 2570 518 2635 contradictionibus
541 2571 767 2634 destruendum
788 2593 851 2634 non
873 2569 1106 2646 existimabam,
1125 2579 1169 2635 ut.

139 2675 278 2727 maneret
299 2664 469 2750 integrum,
493 2665 521 2728 si
543 2666 667 2749 quando
684 2687 736 2728 res
754 2664 879 2751 publica
901 2663 1039 2727 consiliis
1058 2663 1164 2749 eguis-

141 2767 196 2821 set.
220 2757 303 2841 quod
321 2758 414 2822 hodie
432 2759 534 2823 evenit
546 2759 703 2823 consulari
720 2758 891 2823 viro'domi
907 2780 981 2822 suae
1000 2758 1164 2822 interfecto

139 2874 194 2935 per
215 2852 344 2916 insidias
373 2853 516 2931 serviles,
544 2875 623 2937 quas
650 2875 743 2918 nemo
768 2852 928 2938 prohibuit
949 2862 1003 2916 aut
1027 2852 1164 2936 prodidit

139 2944 283 3026 quamvis
306 2948 445 3010 nondum
462 2969 616 3012 concusso
639 2956 765 3011 senatus
784 2942 926 3012 consulto
944 2945 1165 3029 quod‘suppli-

140 3038 224 3100 cium
246 3039 301 3102 toti
323 3040 461 3104 familiae
483 3040 692 3105 minitabatur.
720 3040 875 3103 decernite
897 3038 1021 3102 hercule
1040 3038 1164 3122 inpuni-

140 3141 250 3207 tatem,
277 3141 312 3194 ut
333 3155 427 3215 quem
451 3133 588 3219 dignitas
612 3156 670 3197 sua
691 3133 852 3208 defendat,
876 3154 946 3195 cum
967 3130 1165 3215 praefectura
1203 3171 1208 3179 -

141 3223 228 3287 urbis
241 3246 305 3287 non
321 3227 457 3309 profuit?
474 3248 569 3309 quem
581 3248 729 3290 numerus
749 3248 910 3297 servorum
928 3223 1072 3299 tuebitur,
1092 3245 1164 3286 cum

141 3317 316 3380 Pedanium
339 3316 521 3383 Secundum
548 3318 766 3404 quadringenti
791 3341 855 3382 non
880 3315 1091 3402 protexerint?
1113 3316 1164 3379 cui

141 3411 260 3475 familia
277 3434 369 3497 opem
388 3413 480 3490 ferat,
503 3435 583 3496 quae
600 3435 640 3476 ne
656 3413 691 3475 in
707 3421 793 3476 metu
810 3413 936 3496 quidem
954 3409 1091 3495 pericula
1107 3432 1164 3472 no-

142 3515 205 3569 stra
226 3507 377 3571 advertit?
399 3531 452 3584 an,
477 3518 511 3571 ut
528 3508 655 3591 quidam
677 3507 796 3592 fingere
813 3530 876 3570 non
894 3505 1094 3580 erubescunt,
1117 3503 1165 3565 in-

140 3599 236 3663 iurias
256 3623 328 3682 suas
352 3601 435 3665 ultus
454 3611 503 3665 est
523 3601 715 3677 interfector,
739 3601 813 3684 quia
830 3601 869 3664 de
886 3610 1015 3683 patema
1032 3597 1165 3682 pecunia

141 3705 333 3781 transegerat
355 3707 408 3760 aut
426 3696 544 3760 avitum
562 3695 754 3780 mancipium
772 3693 1007 3759 detrahebatur?
1028 3714 1165 3778 pronun-

140 3789 253 3851 tiemus
267 3790 346 3853 ultro
361 3791 522 3854 dominum
535 3791 602 3854 iure
616 3811 744 3878 caesum
757 3788 865 3852 videri.
888 3786 964 3851 libet
981 3793 1164 3872 argumenta
1181 3805 1214 3851 lt

141 3883 321 3968 conquirere
339 3884 373 3947 in
390 3907 430 3949 eo
446 3886 530 3968 quod
544 3884 783 3970 sapientioribus
802 3882 1006 3947 deliberatum
1024 3881 1090 3944 est?
1108 3881 1164 3959 sed
1279 3887 1281 3890 ⁴

140 3984 171 4038 et
189 3975 215 4037 si
232 3998 315 4040 nunc
333 3978 469 4062 primum
488 3978 687 4042 statuendum
700 3977 896 4052 haberemus,
916 3975 1081 4039 creditisne
1100 3996 1165 4038 ser·

140 4094 215 4134 vum
236 4072 441 4138 interficiendi
458 4072 578 4138 domini
599 4072 739 4137 animum
758 4071 945 4156 sumpsisse,
968 4080 1084 4134 utnon
1101 4092 1163 4133 vox

194 4188 343 4233 rotamur.
956 4181 993 4236 18
