2760 4874
254 373 317 438 288
606 383 789 440 CORNELII
804 383 934 438 TAClTl

1173 483 1193 513 s.
1205 485 1227 513 u.
1237 476 1283 514 sis.

254 544 308 620 tis,
326 565 420 627 quem
438 549 531 627 ponte
549 540 775 619 tramittebant‚
798 541 884 605 nulla
901 541 1006 626 palam
1024 563 1119 606 causa
1137 541 1284 607 turbatus

253 658 364 719 equus,
379 637 434 720 qui
442 637 617 701 consularia
631 635 767 721 insignia
779 635 934 721 gestabat,
948 645 1030 700 retro
1040 635 1150 713 evasit,
1164 636 1285 701 hostia-

253 752 314 813 que
341 750 422 813 quae
448 729 669 794 muniebantur
698 728 907 794 hibernaculis
934 729 1090 794 adsistens
1118 729 1286 795 semifacta

253 847 349 910 opera
366 825 443 911 fuga
468 825 609 910 perrupit
632 845 728 906 seque
751 823 834 888 vallo
856 823 981 900 extulit,
1009 834 1041 888 ct
1062 823 1127 908 pila
1148 824 1285 888 militum

254 940 368 996 arsere,
387 919 488 1004 magis
506 919 623 1004 insigni
640 917 793 1003 prodigio,
812 918 887 1000 quia
903 917 1040 982 Parthus
1059 917 1159 982 hostis
1178 918 1285 982 missi-

252 1013 336 1078 libus
355 1013 425 1077 telis
443 1014 590 1085 decertat.

219 1127 235 1174 8
319 1106 468 1172 Ceterum
477 1106 595 1171 Paetus
615 1106 727 1192 spretis
746 1105 913 1184 ominibus,
932 1107 1068 1170 necdum
1086 1105 1162 1170 satis
1177 1105 1284 1170 firma-
1324 1103 1327 1106 ⁴

254 1202 293 1265 tis
311 1200 530 1276 hibernaculis,
550 1199 635 1264 nullo
648 1200 694 1263 rei
708 1199 928 1264 frumentariae
941 1199 1079 1283 provisu,
1097 1199 1180 1284 rapit
1193 1221 1284 1264 exer-

253 1295 352 1359 citum
379 1304 464 1361 trans
490 1303 630 1359 montem
657 1293 798 1358 Taurum
827 1293 1052 1378 reciperandis,
1083 1303 1120 1357 ut
1150 1294 1282 1372 ferebat,

254 1388 486 1474 Tigranocertis
504 1386 727 1470 vastandisque
748 1386 928 1472 regionibus
947 1409 1026 1470 quas
1045 1385 1187 1469 Corbulo
1204 1388 1284 1452 inte-

253 1506 326 1568 gras
345 1482 512 1547 omisisset.
545 1491 577 1546 et
594 1490 686 1565 capta
708 1481 865 1566 quaedam
881 1481 1023 1559 castella,
1050 1481 1235 1568 gloriaeque
1253 1492 1284 1546 et

252 1577 386 1662 praedae
408 1575 549 1640 nonnihil
571 1585 710 1660 partum,
738 1575 765 1640 si
787 1584 841 1639 aut
863 1574 996 1660 gloriam
1018 1598 1091 1640 cum
1113 1576 1211 1641 modo
1230 1586 1283 1640 aut

252 1670 401 1754 praedam
424 1690 496 1732 cum
518 1691 593 1733 cura
618 1667 794 1733 habuisset:
820 1667 1001 1754 longinquis
1023 1669 1189 1734 itineribus
1212 1692 1283 1755 per-

245 1761 407 1826 cursando
421 1782 501 1844 quae
516 1761 649 1826 obtineri
662 1761 842 1846 nequibant,
862 1772 1007 1847 corrupto
1021 1763 1076 1845 qui
1089 1770 1203 1847 captus
1217 1774 1283 1828 erat

251 1865 428 1921 commeatu
446 1864 477 1919 et
493 1855 629 1920 instante
646 1855 709 1920 iam
727 1855 844 1932 hieme,
870 1855 995 1921 reduxit
1016 1855 1190 1920 exercitum
1208 1879 1283 1922 con·
1306 1881 1307 1884 ¹

251 1948 417 2034 posuitque
435 1945 477 2013 ad
495 1947 666 2014 Caesarem
682 1949 801 2013 litteras
819 1948 916 2032 quasi
928 1947 1071 2015 confecto
1089 1948 1187 2027 bello,
1212 1973 1283 2015 ver-

252 2041 301 2108 bis
319 2042 508 2129 magnificis‚
526 2065 631 2107 rerum
644 2064 774 2107 vacuas.

220 2160 234 2207 a
316 2137 445 2202 Interim
457 2136 595 2202 Corbulo
613 2158 786 2220 numquam
803 2137 979 2223 neglectam
992 2135 1165 2226 Euphratis
1178 2138 1281 2225 ripam

252 2230 459 2296 crebrioribus
477 2231 640 2317 praesidiis
658 2230 782 2308 insedit,
801 2239 833 2295 et
849 2253 889 2296 ne
903 2231 994 2317 'ponti
1011 2230 1168 2305 iniciendo
1181 2232 1282 2318 impe-

252 2325 425 2388 dimentum
443 2324 571 2389 hostiles
590 2334 710 2389 turmae
728 2325 875 2389 afferrent
891 2363 933 2372 -
951 2324 1014 2390 iam
1032 2325 1115 2390 enim
1129 2325 1280 2392 subiectis
1316 2361 1319 2365 v

240 2417 371 2501 campis
399 2441 515 2504 magna
541 2418 652 2503 specie
671 2417 858 2483 volitabant*
871 2455 914 2466 -
939 2441 1036 2483 naves
1063 2420 1281 2505 magnitudine

251 2521 446 2597 praestantes
469 2521 500 2575 et
522 2534 679 2577 connexas
702 2510 843 2577 trabibus
866 2533 904 2576 ae
926 2512 1062 2576 turribus
1086 2523 1195 2578 auctas
1215 2515 1281 2600 agit

252 2628 455 2689 peromnem
477 2606 704 2690 catapultisque
727 2614 759 2669 et
784 2605 906 2671 balistis
932 2605 1096 2690 proturbat
1117 2605 1279 2683 barbaros,

253 2700 284 2763 in
302 2721 381 2780 quos
401 2722 477 2763 saxa
495 2709 526 2762 et
542 2700 651 2764 hastae
667 2700 793 2786 longius
810 2699 1023 2785 permeabant,
1043 2721 1139 2782 quam
1153 2710 1189 2766 ut
1207 2724 1280 2765 con-

253 2793 345 2855 trario
364 2793 547 2877 sagittarum
564 2794 648 2857 iaetu
662 2795 918 2878 adaequarentur.
937 2794 1009 2870 dein
1023 2817 1103 2879 pons
1116 2795 1280 2860 continua-

252 2897 303 2949 tus
322 2886 479 2968 collesque
501 2887 624 2951 adversi
647 2911 704 2973 per
721 2889 822 2954 socias
841 2889 997 2965 cohortes,
1029 2899 1103 2973 post
1118 2889 1279 2975 legionum

252 2980 362 3043 castris
381 2989 585 3064 occupantur,
605 2991 692 3045 tanta
709 2982 866 3046 eeleritate
884 2991 916 3045 et
937 2982 1144 3052 ostentatione
1166 2984 1279 3046 virium

252 3082 288 3136 ut
304 3072 414 3136 Parthi
432 3068 549 3137 omisso
567 3084 678 3158 paratu
695 3074 890 3141 invadendae
910 3072 1022 3160 Syriae
1045 3097 1135 3159 spem
1153 3097 1277 3140 omnem

206 3186 235 3234 ιο
252 3169 285 3232 iu
294 3166 478 3231 Armeniam
496 3177 664 3246 verterent3
682 3169 737 3233 ubi
754 3168 873 3233 Paetus
891 3169 1122 3233 imminentium
1139 3170 1277 3246 uescina,

253 3263 393 3345 quintam
410 3261 566 3347 legionem
583 3262 693 3347 procul
710 3263 743 3336 in
759 3262 863 3327 Ponto
881 3261 1030 3338 habebat,
1053 3261 1191 3346 reliquas
1208 3287 1280 3349 pro-

252 3357 358 3421 miscis
372 3357 505 3421 militum
519 3357 744 3422 commeatibus
757 3357 977 3432 infirmaverat,
997 3356 1096 3420 donec
1110 3357 1279 3423 adventare

252 3450 434 3536 Vologesen
446 3473 560 3535 magno
575 3461 606 3514 et
618 3451 741 3515 infenso
756 3451 880 3536 agmine
894 3451 1045 3514 auditum.
1065 3451 1184 3515 accitur
1196 3448 1280 3537 legio

253 3544 450 3620 duodecima,
478 3554 509 3607 et
534 3543 617 3607 unde
647 3544 764 3608 famam
791 3545 875 3608 aucti
907 3545 1061 3608 exercitus
1088 3561 1279 3628 speraverat,

252 3639 374 3723 prodita
382 3638 597 3721 infrequentia,
616 3659 679 3721 qua
693 3648 798 3702 tamen
807 3638 932 3702 retineri
946 3648 1048 3702 castra
1062 3647 1093 3701 et
1106 3638 1193 3702 cludi
1201 3638 1281 3702 Par-

253 3733 325 3797 thus
344 3742 444 3797 tractu
461 3732 535 3796 belli
552 3741 686 3816 poterat,
707 3732 734 3796 si
751 3731 851 3796 Paeto
870 3741 924 3795 aut
946 3732 979 3794 in
997 3732 1067 3795 suis
1081 3742 1136 3795 aut
1153 3733 1188 3795 in
1206 3733 1281 3797 alie-

252 3827 301 3891 nis
320 3826 457 3891 consiliis
480 3826 653 3890 constantia
675 3826 802 3890 fuisset:
825 3849 935 3890 verum
958 3826 1013 3891 ubi
1035 3826 1147 3890 aviris
1166 3827 1282 3914 milita·

252 3920 339 3984 ribus
353 3921 505 3984 adversus
517 3930 663 4005 urgentes
678 3942 769 3984 casus
778 3920 918 3985 firmatus
933 3931 1007 3997 erat,
1021 3942 1141 3997 rursus,
1155 3943 1198 3984 ne
1207 3921 1282 3985 alie·

253 4035 312 4077 nae
330 4014 500 4078 sententiae
517 4013 661 4100 indigens
680 4015 848 4091 videretur,
876 4015 910 4078 in
927 4015 1052 4103 diversa
1069 4035 1107 4078 ac
1124 4014 1281 4080 deteriora
1332 4040 1338 4055 ⁶

111 4108 116 4116 '
139 4139 141 4142 >
254 4107 413 4172 transibat.
437 4117 468 4171 et
485 4116 558 4172 tunc
576 4107 689 4172 relictis
709 4108 854 4184 hibemis‚
874 4131 937 4173 non
954 4108 1074 4174 fossam
1091 4131 1197 4193 neque
1216 4109 1281 4174 val·
