2760 4874
224 396 288 462 316
576 405 760 465 CORNELII
773 403 902 462 ΤΑΟΙΤΙ

1143 505 1164 535 ι.
1174 507 1196 536 ιι,
1206 497 1254 537 ma.

224 589 285 652 que
309 566 376 631 sine
398 566 498 652 pretio
520 565 726 642 frumentum,
752 585 815 648 quo
838 574 909 629 ante
931 586 971 628 ex
993 563 1087 628 modo
1110 586 1255 629 annonae

224 661 401 726 utebantur.
429 671 510 737 tum,
533 659 624 743 quasi
641 669 733 745 gesta
750 658 832 724 bello
850 658 1064 743 expositurus,
1092 668 1186 723 vocat
1204 680 1255 723 se-

224 765 332 820 natum
351 766 382 819 et
399 753 585 839 triumphale
603 753 700 817 decus
718 752 866 818 Petronio
880 751 1063 837 Turpiliano
1084 752 1253 829 consulari,

226 847 362 914 Cocceio
379 848 516 924 Nervae,
543 847 678 932 praetori
696 846 874 932 designato,
894 845 1065 932 Tigellino,
1091 846 1254 932 praefecto

224 942 385 1028 praetorii,
413 941 533 1018 tribuit,
558 940 749 1026 Tigellinum
767 950 798 1004 et
814 940 952 1005 Nervam
969 939 1014 1004 ita
1031 940 1199 1017 extollens,
1218 950 1255 1004 ut

225 1057 320 1121 super
342 1034 544 1120 triumphales
567 1035 600 1099 in
621 1034 691 1100 foro
712 1034 866 1120 imagines
889 1035 974 1119 apud
1000 1034 1152 1119 palatium
1174 1056 1255 1117 quo-

224 1151 286 1213 que
305 1129 427 1214 effigies
445 1150 553 1192 eorum
572 1127 899 1193 sisteretconsularia
916 1127 1052 1214 insignia
1059 1127 1255 1213 Nymphidio

225 1221 312 1256 ''¹''
332 1220 383 1309 [de
400 1220 473 1309 quo]
493 1222 567 1305 quia
583 1243 667 1286 nunc
682 1222 818 1307 primum
837 1221 960 1286 oblatus
974 1231 1031 1299 est,
1049 1243 1151 1307 pauca
1164 1237 1256 1307 repe·

225 1327 303 1382 tam:
330 1340 403 1380 nam
426 1316 547 1402 etipse
569 1338 643 1401 pars
665 1315 881 1382 Romanarum
903 1315 1040 1380 cladium
1062 1316 1129 1379 erit.
1157 1315 1256 1402 igitur

225 1422 324 1476 matre
341 1410 485 1475 libertina
503 1420 603 1487 ortus,
631 1431 712 1493 quae
734 1430 848 1494 corpus
871 1410 1020 1475 decorum
1041 1409 1122 1474 inter
1144 1431 1254 1474 servos

225 1505 415 1588 libertosque
432 1504 609 1612 principum
625 1504 818 1590 vulgaverat,
838 1525 878 1568 ex
897 1501 936 1567 0.
956 1501 1093 1568 Caesare
1113 1525 1147 1570 se
1165 1504 1256 1590 geni-

226 1609 292 1664 tum
319 1597 453 1675 serebat,
427 1598 629 1681 tquoniam
654 1598 735 1662 forte
762 1597 898 1680 quadam
919 1596 1030 1661 habitu
1050 1619 1201 1681 procerus
1224 1607 1255 1661 et

225 1701 314 1756 torvo
331 1691 399 1755 vult
386 1701 421 1754 tu
443 1689 676 1767 erat,s1veC
696 1690 829 1768 Caesar,
857 1700 1030 1755 scortorum
1052 1712 1179 1774 quoque
1202 1713 1256 1755 cu-

225 1785 325 1871 piens,
344 1794 375 1848 e
375 1806 438 1848 ram
455 1784 546 1848 matri
564 1784 631 1848 eius
649 1783 756 1855 illusit

177 1901 208 1948 73
292 1876 358 1943 Sed
379 1877 463 1942 Nero
485 1887 597 1942 vocato
620 1888 732 1943 senatu
753 1879 892 1944 oratione
917 1878 964 1942 int
965 1900 999 1942 er
1019 1887 1125 1964 patres
1147 1877 1256 1943 habita

226 1971 309 2037 edict
296 1983 363 2036 tum
381 1973 465 2056 apud
482 1971 633 2057 populum
652 1983 683 2035 ct
671 1972 839 2038 tcollata
831 1996 863 2036 ιιι
881 1948 978 2036 libros
995 1971 1112 2036 indicia
1130 1972 1256 2037 confes·

227 2067 393 2149 sionesque
411 2066 627 2131 damnatorum
646 2065 861 2144 adiunxit3t
830 2066 946 2130 etenim
968 2065 1078 2130 erebro
1096 2065 1186 2152 vulgi
1203 2089 1256 2130 ru-

226 2183 312 2227 more
321 2160 477 2227 lacerabat
465 2170 524 2237 tur,
537 2169 698 2244 tamquam
710 2158 822 2224 viros*
828 2158 886 2224 'et
899 2160 1038 2233 insontes
1049 2159 1089 2224 ob
1103 2160 1255 2226 invidiam

227 2264 282 2320 aut
302 2264 420 2317 metum
447 2254 639 2318 extinxisset.
667 2263 804 2319 ceterum
826 2263 970 2338 coeptam
995 2253 1198 2336 adultamque
1224 2263 1256 2318 et

226 2348 376 2412 revictam
394 2347 638 2412 coniurationem
655 2369 758 2430 neque
775 2356 850 2411 tunc
868 2346 1049 2412 dubitavere
1067 2347 1183 2430 quibus
1201 2369 1256 2411 ve-

227 2464 296 2506 rum
313 2442 463 2506 noscendi
481 2464 555 2506 cura
573 2451 647 2518 erat,
666 2451 697 2506 et
714 2441 852 2506 fatentur
868 2441 923 2524 qui
935 2450 1007 2526 post
1024 2440 1185 2505 interitum
1193 2441 1256 2506 Ne-

227 2536 311 2602 ronis
329 2536 363 2599 in
380 2535 488 2600 urbem
505 2537 641 2622 regressi
660 2545 741 2600 sunt.
760 2546 792 2599 at
809 2536 842 2599 in
860 2544 970 2599 senatu
988 2536 1117 2613 cunctis,
1138 2546 1172 2599 ut
1191 2536 1256 2599 cui·

228 2651 289 2712 que
306 2630 475 2714 plurimum
492 2630 652 2707 maeroris,
671 2631 704 2693 in
721 2629 931 2694 adulationem
949 2629 1109 2707 demissis,
1128 2629 1255 2693 Iunium

230 2722 421 2801 Gallionem,
443 2722 584 2789 Senecae
602 2724 706 2789 fratris
725 2733 823 2788 morte
841 2723 991 2808 pavidum
1009 2732 1040 2786 et
1056 2745 1115 2807 pro
1134 2744 1192 2787 sua
1210 2724 1256 2786 in-

229 2817 407 2881 columitate
425 2818 608 2902 supplicem,
627 2818 780 2903 increpuit
799 2816 945 2883 Salienus
956 2816 1113 2894 Clemens,
1133 2817 1256 2882 hostem

230 2920 261 2974 et
277 2910 463 2994 parricidam
485 2933 615 2987 vocans,
642 2912 744 2975 donec
767 2933 922 2976 consensu
943 2920 1066 2996 patrum
1090 2911 1255 2975 deterritus

230 3013 287 3080 est,
313 3025 353 3067 ne
379 3002 513 3088 publicis
540 3003 631 3068 malis
658 3004 745 3069 abuti
767 3007 808 3070 ad
830 3005 1026 3085 occasionem
1047 3005 1167 3089 ‘privati
1193 3005 1256 3070 odii

229 3099 399 3176 videretur,
434 3121 497 3162 neu
523 3090 696 3184 composita
726 3110 780 3163 aut
810 3100 986 3165 oblitterata
1015 3100 1256 3164 mansuetudine

181 3214 212 3260 74
229 3193 377 3278 principis
403 3216 519 3258 novam
546 3194 587 3258 ad
609 3194 771 3259 saevitiam
795 3194 974 3260 retraheret.
1006 3204 1072 3258 tum
1101 3191 1255 3280 [decreta]

231 3289 313 3352 dona
331 3298 362 3352 et
383 3298 487 3374 grates
511 3289 577 3354 deis
600 3289 807 3355 decernuntur
828 3289 1036 3374 propriusque
1054 3287 1157 3352 honos
1178 3286 1255 3364 Soli,

231 3383 282 3446 oiri
300 3392 347 3446 est
365 3392 455 3447 vetus
474 3384 568 3447 aedes
591 3383 676 3468 apud
697 3383 828 3459 circum,
854 3383 887 3446 in
904 3405 967 3466 quo
985 3381 1107 3446 facinus
1125 3381 1258 3466 paraba-

231 3487 295 3554 tur,
322 3475 376 3559 qui
402 3476 525 3540 occulta
551 3476 770 3541 coniurationis
796 3477 924 3540 numine
950 3475 1128 3552 retexisset3
1160 3485 1258 3558 utque

232 3570 417 3635 circensium
431 3568 602 3635 Cerialium
619 3571 773 3634 ludicrum
785 3570 928 3654 pluribus
947 3592 1099 3653 equorum
1112 3569 1259 3635 cursibus

232 3665 439 3730 celebraretur
455 3664 634 3747 mensisque
653 3663 772 3749 Aprilis
791 3664 925 3728 Neronis
944 3673 1188 3750 cognomentum
1206 3685 1260 3727 ac-

233 3761 358 3846 ciperet,
378 3759 528 3844 templum
548 3757 651 3824 Saluti
668 3769 863 3823 extrueretur
881 3781 918 3823 eo
936 3758 1006 3836 loci,
1026 3780 1066 3822 ex
1083 3780 1145 3841 quo
1161 3755 1261 3822 Scae-

232 3856 323 3919 vinus
341 3854 459 3919 ferrum
476 3863 684 3938 prompserat;
711 3853 780 3938 ipse
804 3876 877 3917 eum
898 3851 1175 3938 pugionemapud
1194 3849 1261 3914 Ca-

232 3948 374 4032 pitolium
401 3948 535 4012 sacravit
560 3947 779 4032 inscripsitque
801 3946 871 4011 Iovi
892 3947 1022 4022 vindici,
1049 3945 1082 4008 in
1107 3965 1260 4028 praesens

233 4042 318 4105 haud
340 4042 605 4122 animadversum3
631 4051 704 4127 post
726 4065 813 4106 arma
834 4041 907 4105 Iulii
924 4039 1067 4105 Vindicis
1089 4038 1129 4102 ad
1151 4038 1262 4122 auspi-

233 4137 323 4222 cium·
335 4145 365 4200 ct
383 4138 582 4222 praesagium
599 4137 722 4202 suturae
740 4136 866 4201 ultionis
880 4134 1067 4200 trahebatur.
1085 4131 1206 4215 reperio
1225 4131 1260 4195 in
