2760 4874
411 375 616 435 ANNALIUM
635 377 709 433 LIB.
724 377 775 432 Xl.
790 378 893 434 7-10.
1102 368 1164 434 185

140 468 255 520 penu.

127 537 242 624 ,magis
264 558 358 619 quam
382 558 421 598 ex
442 558 503 600 usu
525 536 680 620 praesenti
702 547 868 613 accensus,
884 535 1059 620 ¹inplicatur
1081 537 1165 606 obsi·

139 632 231 696 dione
249 629 335 694 urbis
355 629 476 693 validae
494 638 525 692 et
542 629 741 693 munimentis
764 629 877 694 obiecti
895 631 994 694 amnis
1013 655 1164 716 muroque

139 735 171 790 ct
181 722 409 789 commeatibus
423 723 572 787 firmatae.
595 722 719 786 interim
734 720 887 788 Gotarzes
901 723 1065 788 Daharum
1078 726 1165 811 Hyr·

140 839 350 925 canorumque
364 815 476 901 opibus
491 825 601 880 auctus
614 815 731 880 bollum
744 826 873 880 renovat
887 827 1074 901 coactusque
1084 819 1166 887 Var-

137 914 236 988 danes
251 911 392 976 omittere
408 908 594 988 Seleuciam,
612 910 796 1025 Bactrianos
814 912 899 1013 apud
917 933 1043 996 campos
1061 923 1165 978 castra

139 1007 279 1072 contulit.
1212 1065 1216 1073 .

154 1087 295 1165 Tunc
312 1099 449 1165 distract'
428 1110 467 1165 trs
488 1096 627 1164 Orientis
647 1099 813 1168 viribust
782 1109 813 1164 et
830 1122 966 1184 quonam
982 1058 1164 1167 inclinarent
1183 1125 1197 1172 9

137 1195 278 1282 incertis,
298 1217 391 1259 casus
409 1193 586 1258 Mithridati
604 1194 695 1258 datus
714 1205 761 1258 est
779 1195 953 1280 occupandi
969 1195 1163 1275 Armeniam,

138 1312 171 1353 vr
161 1277 294 1353 militis
308 1288 444 1352 Romani
461 1288 502 1352 ad
519 1288 713 1352 excindenda
730 1289 928 1354 castellorum
946 1291 1052 1368 ardua,
1070 1291 1165 1355 simul

138 1382 270 1457 Hibero
284 1382 421 1446 exercitu
445 1403 572 1466 campos
598 1383 803 1466 persultante3
833 1404 892 1448 nec
915 1384 998 1448 enim
1019 1385 1164 1449 resistere

139 1475 291 1553 Armenii,
311 1477 392 1553 fuso,
412 1497 465 1559 qur
456 1476 636 1560 proelium
653 1499 749 1541 ansus
769 1487 843 1555 erat,
861 1477 1057 1558 Demonacte
1074 1485 1165 1563 prae-

138 1569 231 1633 fecto.
253 1568 416 1654 paululum
434 1570 639 1633 cunctationis
657 1579 702 1636 att
677 1570 760 1636 ttulit
748 1580 832 1634 trex
849 1571 976 1636 minoris
994 1552 1164 1637 Armeniae

139 1662 203 1728 Cot
191 1673 250 1748 tys,
269 1664 368 1728 versis
386 1664 460 1727 illuc
473 1663 661 1747 quibusdam
674 1680 851 1748 procerum3
870 1665 942 1729 dein
959 1648 1068 1730 litteris
1084 1665 1165 1730 Cae-

139 1758 218 1822 saris
241 1758 453 1835 coercitus,e
436 1767 467 1822 et
489 1766 601 1822 cuneta
622 1758 654 1848 in
671 1757 876 1822 Mithridaten
897 1759 1028 1837 fluxere,
1056 1782 1165 1842 quarn-

138 1875 231 1936 qaom
249 1851 431 1915 atrociorem
454 1873 549 1934 quam
566 1840 648 1915 novo
667 1873 764 1937 regno
787 1853 989 1928 conduceret,
1006 1862 1037 1917 at
1054 1853 1164 1918 Parthi
1259 1842 1263 1851 s

137 1946 340 2030 imperatores
359 1967 430 2008 oum
442 1950 586 2030 pugnam
600 1955 753 2029 pararent,
771 1945 883 2016 foedus
900 1955 1027 2030 repente
1038 1947 1165 2032 sariunt

138 2039 271 2124 cognitis
297 2038 495 2124 popularium
520 2038 656 2115 insidiis,
684 2060 762 2121 quas
787 2036 939 2105 Gotarzes
965 2039 1053 2103 fratri
1078 2049 1165 2124 patc-

137 2132 227 2210 secit,
251 2132 473 2218 'congressique
491 2132 598 2215 primo
611 2142 804 2210 cunctanter,
827 2133 898 2196 dein
917 2132 1072 2217 complexi
1089 2133 1165 2196 dex-

137 2236 202 2291 tras
221 2227 304 2311 apud
326 2226 434 2313 altaria
456 2226 550 2289 deum
571 2221 718 2312 pepigere
740 2225 882 2289 fraudem
899 2226 1096 2314 inimicorum
1109 2227 1165 2289 ¹ul-

139 2321 215 2386 cisci
241 2331 334 2404 atque
358 2318 420 2405 ipsi
439 2320 523 2384 inter
544 2342 578 2387 se
605 2320 789 2398 concedere3
814 2320 978 2405 potiorque
1000 2318 1164 2395 Vardanes

138 2415 226 2480 visus
244 2416 404 2480 retinendo
422 2436 534 2504 regno:
557 2425 589 2478 at
607 2413 775 2492 Gotarzes,
797 2437 837 2479 ue
855 2415 931 2498 quid
949 2411 1164 2480 aemulationis

138 2511 300 2588 existeret,
324 2510 447 2595 penitus
470 2510 502 2573 in
524 2509 719 2595 Hyrcaniam
740 2509 826 2574 abiit.
856 2528 1063 2595 regressoque
1084 2508 1165 2574 Var-

138 2604 213 2669 dani
243 2605 366 2668 deditur
394 2602 545 2669 Seleucia
569 2605 702 2688 septimo
731 2613 803 2688 post
828 2603 1041 2670 defectionem
1066 2610 1163 2681 annu,

138 2720 203 2762 non
225 2698 291 2762 sine
314 2698 466 2762 dedecore
483 2697 686 2776 Parthum,
709 2720 788 2781 quos
806 2721 870 2762 una
891 2697 1001 2762 civitas
1023 2697 1165 2761 tamdiu

139 2792 283 2858 eluserat.
306 2792 379 2856 exin
396 2791 604 2857 ‘validissimas
622 2791 835 2878 praefecturas
851 2792 980 2856 invisitz‘
990 2800 1020 2856 et
1037 2813 1166 2876 recupe·
1185 2811 1216 2858 ro

138 2908 209 2950 rare
225 2884 410 2973 Armeniam
428 2885 554 2962 avebat,
577 2886 610 2950 ni
628 2910 647 2949 a
665 2884 761 2950 Vibio
777 2885 900 2964 Marso,
922 2885 1032 2971 Syriae
1050 2886 1164 2972 legato,
1187 2943 1188 2946 ,

138 2979 256 3044 bellum
278 2965 439 3049 minitante
462 2979 578 3045 cohibit
566 2989 616 3045 tus
639 2979 728 3046 foret.
755 2989 848 3064 suque
869 2981 992 3047 interim
1011 2977 1165 3045 Gotarzes

139 3067 330 3159 paenitentia
356 3073 497 3138 concessi
522 3074 612 3160 regni
637 3083 669 3146 et
694 3083 824 3139 vocante
841 3074 1025 3183 nobilitate,
1057 3074 1107 3138 cui
1133 3074 1167 3136 in

139 3189 217 3252 pace
235 3167 342 3232 durius
357 3167 518 3256 servitium
536 3177 592 3244 cst,
612 3176 683 3231 cont
671 3167 764 3231 trahit
752 3168 951 3252 tcopias3et
920 3166 1040 3230 ethinc
1058 3175 1167 3231 contra

139 3261 236 3324 itum
244 3261 285 3324 ad
311 3283 435 3325 amnem
460 3215 652 3339 Erindeir3
643 3284 676 3324 ιιι
693 3261 782 3325 cuius
809 3260 1008 3346 transgressu
1032 3260 1111 3324 mult
1099 3270 1165 3323 tum

141 3363 257 3419 certato
283 3354 413 3439 pervicit
438 3353 616 3432 Vardanes,
647 3353 865 3439 prosperisque
895 3354 1020 3438 proeliis
1047 3353 1165 3416 medias

139 3448 286 3514 nationes
301 3448 426 3534 subegit
443 3449 483 3512 ad
501 3449 618 3512 flumen
633 3446 761 3525 Sinden,
780 3449 865 3532 quod
877 3446 988 3524 Dahas
1006 3445 1165 3529 Ariosque

140 3543 348 3612 disterminat:
362 3543 406 3608 ibi
420 3544 531 3608 modus
546 3543 639 3613 rebus
654 3543 800 3608 secundis
813 3543 948 3628 positus3
963 3565 1036 3605 nam
1045 3538 1164 3614 Parthi,

140 3660 330 3722 quamquam
352 3639 500 3715 victores,
523 3637 726 3724 longinquam
747 3636 889 3716 militiam
911 3635 1165 3720 aspernabantur.

139 3732 236 3818 igitur
253 3733 418 3797 exstructis
436 3733 649 3809 monimentis,
672 3730 785 3815 quibus
804 3753 879 3816 opes
899 3753 972 3803 suas
994 3729 1167 3794 testabatur

140 3847 199 3890 nec
221 3826 367 3910 cuiquam
394 3836 465 3892 ante
487 3826 712 3891 Arsacidarum
734 3825 849 3890 tributa
873 3825 935 3889 illis
958 3822 1165 3909 degentibus

139 3927 243 4005 parta,
265 3922 438 4007 regreditur
458 3922 570 4007 ingens
593 3920 692 4006 gloria
714 3930 807 4004 atque
830 3942 868 3984 eo
890 3918 1023 4007 ferocior
1040 3916 1167 3982 etsub-

139 4014 229 4078 iectis
247 4014 472 4094 intolerantior3
495 4014 550 4099 qui
571 4014 642 4079 dolo
660 4023 731 4079 ante
754 4013 914 4098 conposito
936 4010 1166 4076 incautnm‘v‘c-

140 4108 321 4193 nationique
342 4109 496 4176 intentum
517 4109 713 4188 interfecere,
740 4105 877 4194 primam
893 4107 1164 4182 intraiuventam,
