2760 4874
269 400 332 464 ‘270
616 405 946 463 CORNELIITAClTl

1188 502 1298 540 aaut

268 569 458 634 uberrimum
477 564 622 650 spolianti
640 573 671 626 et
684 562 926 628 defendentibus
940 565 1075 628 intutum
1093 565 1167 631 laeti
1180 569 1300 650 praeda
1319 571 1322 577 '

268 673 299 727 et
322 662 452 727 aliorum
471 680 584 744 segnes
608 657 765 742 petebant.
793 658 833 724 ad
852 660 1051 745 septuaginta
1072 661 1159 724 milia
1181 662 1299 726 civium

268 767 299 822 et
321 756 475 821 sociorum
496 752 545 816 his
572 774 652 835 quae
674 752 844 816 memoravi
866 752 943 817 locis
970 754 1121 818 cecidisse
1143 750 1298 833 constitit3

209 931 211 934 y
267 872 368 934 neque
394 848 477 912 enirn
508 868 618 931 capere
644 854 698 909 aht
727 847 920 924 venundare,
952 847 1076 912 aliudve
1106 849 1193 932 quod
1224 849 1300 914 belli

267 942 501 1018 commercium3
525 941 581 1005 sed
603 940 730 1017 caedes,
758 940 911 1025 patibula,
938 941 1042 1027 ignes,
1070 963 1195 1020 cruces,
1219 953 1300 1008 tam-

258 1061 361 1121 quam
386 1034 536 1100 reddituri
562 1033 749 1118 supplicium
776 1056 813 1098 ac
838 1045 1004 1120 praerepta
1029 1035 1152 1100 interim
1179 1037 1299 1103 ultione

267 1129 467 1196 lesdnabant
1011 1176 1014 1182 ·

216 1250 248 1296 ar
331 1224 400 1288 Iarn
420 1221 571 1288 Suetonio
589 1231 700 1305 quarta
717 1222 850 1286 decuma
870 1221 955 1309 legio
973 1245 1044 1288 cum
1062 1224 1232 1290 vexillariis
1252 1227 1298 1289 vi.-

266 1318 431 1386 cesimanis
450 1328 481 1381 et
498 1339 515 1380 a
533 1316 682 1401 proximis
701 1317 881 1394 auxiliares,
899 1318 1009 1382 decem
1026 1318 1126 1382 ferme
1143 1319 1232 1383 milia
1250 1344 1298 1384 ar-

265 1424 420 1479 matorum
446 1421 548 1488 crant,
576 1433 648 1474 cum
674 1410 815 1475 omittere
841 1412 1069 1492 annotationem
1093 1423 1124 1476 et
1146 1415 1299 1499 congredi

265 1509 331 1572 acie
349 1516 451 1592 parat3
470 1505 640 1591 deligitque
653 1504 757 1569 locum
771 1504 845 1569 artis
858 1505 1003 1570 faucibus
1022 1516 1053 1570 et
1070 1529 1090 1570 a
1107 1516 1198 1593 tergo
1216 1507 1298 1572 silva

265 1603 416 1676 clausum,
436 1600 511 1664 satis
526 1599 650 1684 cognito
664 1598 741 1661 nihil
754 1599 891 1663 hostium
908 1599 969 1663 nisi
986 1600 1018 1663 in
1036 1600 1138 1665 fronte
1157 1611 1189 1665 et
1206 1612 1297 1686 aper-

265 1706 329 1759 tam
346 1693 506 1779 planitiem
529 1714 613 1769 esse,
637 1692 703 1756 sine
722 1702 807 1757 metu
823 1689 1020 1772 insidiarum3
1042 1694 1138 1780 igitur
1155 1693 1297 1781 legiona-

264 1789 329 1853 rius
348 1789 495 1871 frequens
515 1785 690 1863 ordinibus,
709 1786 787 1852 levis
806 1787 922 1851 circum
940 1797 1105 1865 armatura,
1125 1788 1297 1875 congloba-

266 1894 316 1947 tus
334 1904 390 1967 pro
409 1880 555 1946 cornibus
575 1902 670 1964 eques
689 1880 795 1944 astitit.
819 1891 851 1945 at
865 1880 1086 1947 Britannorum
1099 1882 1210 1966 copiae
1222 1905 1296 1968 pas·

266 1977 324 2041 sim
347 1999 403 2061 per
424 1985 564 2040 catervas
583 1985 615 2039 et
636 1985 755 2039 turmas
777 1973 973 2053 exultabant,
997 1986 1114 2059 quanta
1135 1999 1200 2040 non
1217 1977 1295 2041 alias

265 2071 431 2135 multitudo
450 2079 481 2133 et
499 2070 602 2133 animo
625 2069 704 2135 adeo
722 2070 802 2144 sero,
825 2079 860 2133 ut
878 2070 1027 2156 coniuges
1049 2092 1175 2154 quoque
1198 2080 1294 2135 testes

265 2165 412 2229 victoriae
439 2185 545 2228 secum
572 2163 728 2227 traherent
753 2164 963 2248 plaustrisque
987 2165 1186 2250 inponerent,
1213 2187 1316 2249 quao-

266 2281 360 2344 super
377 2268 550 2322 extremum
568 2256 720 2322 ambitum
731 2250 841 2342 'campi
857 2268 1041 2343 posuerant.

214 2376 246 2422 35
328 2353 489 2418 Boudicca
506 2373 598 2416 curru
615 2351 694 2416 filias
712 2373 787 2437 prae
806 2374 843 2417 sa
857 2353 990 2430 vehens,
1009 2363 1044 2416 ut
1061 2375 1221 2438 quamque
1238 2379 1294 2419 na-

264 2448 380 2512 tionem
407 2455 595 2523 accesserat,
623 2445 748 2510 solitum
770 2446 896 2529 quidem
918 2446 1077 2512 Britannis
1104 2448 1293 2512 feminarum

264 2543 361 2606 ductu
378 2541 493 2606 bellare
511 2540 696 2605 testabatur:
716 2541 772 2605 sed
790 2550 863 2605 tunc
880 2564 944 2606 non
962 2550 996 2605 nt
1008 2542 1108 2606 tantis
1121 2543 1291 2607 maioribus

264 2646 364 2700 ortam
377 2656 508 2720 regnum
527 2644 557 2698 et
576 2657 661 2720 opes,
681 2656 790 2698 verum
807 2644 847 2698 ut=
858 2658 954 2699 unam
972 2657 989 2700 e
1008 2635 1103 2721 vulgo
1116 2636 1291 2702 libertatern

265 2729 423 2804 amissam,
442 2729 619 2792 confectum
633 2728 814 2794 verberibus
833 2751 954 2815 eorpus,
974 2740 1197 2795 contrectatam
1214 2731 1292 2795 filia-

264 2846 333 2886 rum
346 2822 527 2906 pudicitiam
543 2822 658 2886 ulcisci.
677 2846 714 2886 eo
727 2833 890 2909 provectas
901 2824 1113 2888 Romanorum
1128 2825 1290 2910 cupidines

264 2927 378 2979 utnon
395 2936 534 3001 corpora,
553 2938 611 2979 nec
630 2928 787 2981 senectam
801 2919 927 3001 quidem
946 2928 1000 2983 aut
1016 2919 1228 3004 virginitatem
1245 2920 1291 2983 in·
1318 2920 1320 2927 ’

263 3010 414 3096 pollutam
436 3010 620 3093 relinquant.
648 3012 758 3075 adesse
781 3022 886 3077 tamen
904 3015 978 3078 deos
1001 3013 1101 3079 iustae
1119 3014 1290 3078 vindictae:

264 3104 413 3168 cecidisse
432 3104 586 3190 legionem
604 3127 684 3188 quae
702 3106 854 3190 proelium
872 3130 950 3172 ausa
968 3107 1021 3185 sit3
1040 3107 1160 3171 ceteros
1180 3109 1290 3172 castris

263 3199 410 3263 occultari
432 3209 486 3263 aut
507 3199 617 3285 fugam
639 3200 886 3285 circumspicere.
915 3223 954 3266 ne
977 3202 1140 3287 strepitum
1163 3203 1291 3285 quidem
1356 3212 1360 3229 “

263 3304 294 3358 et
312 3294 478 3358 clamorem
497 3303 542 3357 tot
560 3285 693 3371 milium,
716 3295 832 3358 nedum
853 3295 994 3380 impetus·
1006 3305 1038 3359 et
1054 3318 1167 3361 manus
1190 3297 1292 3381 perla-

263 3399 359 3452 turos.
383 3387 410 3452 si
428 3388 533 3472 copias
553 3398 756 3465 armatorum,
780 3389 807 3452 si
825 3411 943 3453 causas·
955 3388 1028 3454 belli
1047 3411 1155 3453 secum
1173 3412 1292 3475 expen-

263 3482 379 3569 derent,
400 3481 590 3544 vincendum
603 3482 657 3546 illa
674 3482 740 3546 acie
758 3482 808 3546 vel
822 3482 996 3546 cadendum
1014 3505 1093 3548 esse.
1117 3484 1150 3546 id
1167 3484 1292 3548 mulieri

263 3576 465 3640 destinatum:
485 3575 624 3638 viverent
641 3575 699 3638 viri
717 3586 748 3639 et
766 3576 925 3640 servirent.
987 3605 988 3608 ¹
1119 3593 1122 3597 ·

213 3690 244 3738 36
326 3670 374 3734 Ne
385 3664 554 3735 Suetonius
568 3671 694 3752 quidem
707 3671 738 3733 in
754 3680 839 3735 tanto
849 3670 1026 3735 discrimine
1041 3670 1165 3748 silebat3
1180 3693 1292 3754 quam-

262 3789 356 3850 quam
370 3764 539 3844 confideret
556 3765 670 3841 virtuti,
690 3775 794 3828 tamen
808 3765 1037 3829 exhortationes
1056 3773 1087 3828 et
1104 3787 1215 3849 preces
1234 3767 1292 3828 mi-

264 3860 379 3936 scebat,
398 3869 433 3922 nt
447 3868 626 3943 spernerent
640 3881 767 3923 sonores
781 3858 983 3923 barbarorum
1001 3867 1037 3922 et·
1050 3859 1159 3922 inanes
1172 3861 1290 3924 minas:

262 3954 333 4036 plus
351 3954 414 4017 illio
427 3949 613 4017 feminarum
625 3966 720 4036 quarn
733 3953 902 4016 iuventutis
915 3953 1029 4037 aspici3
1048 3951 1190 4031 inbelles,
1209 3954 1291 4018 iner-

249 4047 340 4121 mes,
360 4069 502 4110 cessuros
522 4048 640 4123 statim,
657 4046 725 4111 ubi
736 4047 1079 4129 ferrumvirtutemque
1097 4047 1290 4111 vincentium

263 4138 375 4202 totiens
397 4139 461 4202 fusi
484 4141 693 4224 agnovissent.
720 4141 814 4204 etiam
837 4141 870 4204 in
888 4140 992 4216 multis
1015 4139 1194 4225 legionibus
1213 4163 1291 4226 pau-
