2760 4874
188 418 285 466 LVIII
466 422 506 463 DE
525 420 774 465 communalem
792 421 860 463 VITA
877 420 994 465 munnio

186 532 264 587 cuius
278 533 353 586 idem
368 536 396 587 et
409 530 503 586 fructu
514 532 718 601 delectabatur,
737 531 803 599 beia
816 499 933 585 Romam
946 535 1064 586 avectus
1077 534 1134 599 est,
1152 531 1272 586 traditus

185 607 215 656 et
232 601 411 655 occasionem
428 601 611 669 praebuerat3
633 601 719 654 Bere·
737 599 1116 722 ErimumestFranciseode
1127 597 1273 654 Sederinis

184 670 267 724 aldus
286 668 407 723 enimin
426 685 461 722 ea
479 668 602 722 editione
636 685 719 738 quam
762 667 894 735 ardinali,
909 673 939 721 et
951 667 1053 722 deinde
1062 667 1190 736 privatae
1199 668 1272 722 Leo·

184 737 281 791 Leone
291 737 407 791 iubente
418 742 574 805 curaverat,
581 708 618 790 ad
627 735 717 805 ipsum
737 735 780 789 nie
795 735 987 790 bibliothecae
1000 735 1106 804 illatus,
1125 752 1210 805 quam
1223 737 1271 790 ille

185 805 284 859 scribit
301 805 384 859 haee:
405 808 463 874 Ape
480 823 541 857 uera
559 807 719 875 quantulae
737 804 792 856 iam
803 801 961 857 cardinalis
974 820 1077 882 magno
1088 805 1182 857 studio
1193 805 1272 858 colli·

183 874 267 942 ipsum
277 875 352 926 laude
362 874 467 942 dz'pnum
479 882 529 936 ert,
544 874 613 942 quaed
621 889 718 941 prope·
757 887 804 925 ere
814 877 955 940 coeperat,
971 871 1090 952 denique
1099 888 1117 925 a
1128 869 1272 928 Clemente

184 943 286 993 modum
317 942 455 1010 praeconis
485 958 547 993 uoce
577 940 719 1007 inperitia
737 888 1106 994 IlllcumillaFlorentiam
1115 941 1272 1009 audactus,

181 1010 325 1078 praemia
363 1009 557 1078 iadapatoribus
595 1009 718 1062 librorum
736 1007 785 1060 ubi
799 1023 873 1060 nuuc
887 1023 1000 1078 quoque
1014 1007 1185 1062 servaturin
1202 1007 1272 1062 bibl.

158 1078 356 1197 liiii
376 1077 719 1197 irrisit‘ittttttit
736 1074 934 1198 ltiiittt
953 1075 1272 1198 iiitittiili

182 1213 294 1265 mereat?
316 1184 388 1272 acie
402 1213 528 1265 uenatio
544 1213 659 1264 Cornelii
668 1213 718 1263 Ta·
735 1211 884 1280 perspicue
906 1215 936 1264 et
953 1209 1022 1265 satis
1040 1211 1187 1266 emendate
1205 1211 1271 1265 scri-

183 1282 227 1333 citt'
233 1283 278 1333 bos
284 1282 383 1349 primm
392 1281 502 1349 quiaque
513 1281 603 1342 libros,
616 1280 662 1348 qui
669 1297 718 1348 per
756 1285 814 1345 tus,
832 1295 886 1332 nec
898 1279 958 1331 ullo
972 1278 1102 1348 graviore
1118 1278 1220 1333 demum
1231 1278 1271 1333 af·

184 1347 717 1417 lonpumsecutorumoeniitumlatuerant,
735 1296 841 1412 Factum
860 1363 925 1399 nam
939 1347 1041 1400 lacuna
1055 1345 1118 1415 illa,
1137 1353 1271 1416 quaeest

182 1416 209 1468 in
218 1416 325 1468 saltibus
336 1414 492 1468 Germaniae
505 1416 607 1467 invenit.
635 1413 718 1473 Quam
735 1420 801 1483 post
815 1414 863 1468 lib.
877 1414 912 1481 V,
932 1431 956 1468 e.
968 1413 998 1482 5,
1013 1413 1111 1467 iuerat
1123 1413 1179 1468 iam
1192 1414 1220 1468 in
1236 1431 1270 1469 eo

184 1492 211 1535 tu
224 1484 379 1552 praedam
396 1484 432 1535 ad
445 1492 468 1536 ie
481 1484 591 1534 aliatum
604 1498 637 1534 ac
654 1499 717 1534 raa·
736 1481 847 1548 codiee,
860 1483 935 1536 unde
945 1481 1204 1562 hictrausscriptus
1214 1489 1271 1550 est3

181 1568 245 1620 pau
266 1553 407 1604 mercede
429 1558 644 1619 comparatam
665 1568 718 1602 noa
736 1549 884 1604 dicebatur
901 1556 994 1604 autem
1012 1550 1079 1603 olim
1097 1565 1221 1620 qumque
1239 1550 1270 1603 li-

183 1620 252 1671 ueiut
268 1620 359 1688 aliqua
377 1619 502 1672 librorum
519 1619 652 1686 sepultura
675 1635 718 1670 oe·
736 1619 802 1672 bros
819 1617 971 1679 Annalium
992 1616 1151 1686 continere,
1179 1618 1271 1672 donec

183 1687 288 1739 cultasti
303 1688 348 1739 sed
365 1696 495 1756 tamquam
512 1703 588 1739 verta
605 1686 717 1738 omrrium
735 1685 840 1755 primus
853 1685 968 1754 Lipsius
982 1684 1192 1755 animadvertit,
1207 1687 1271 1740 ulti·

180 1762 257 1822 pater
269 1755 374 1807 utilitati
386 1755 498 1807 omnium
510 1756 718 1807 consuitumerse
735 1769 808 1807 mam
825 1758 934 1824 partem
952 1754 1024 1808 sexti
1041 1752 1107 1809 libri
1120 1770 1198 1822 esse3
1220 1754 1271 1808 sed

183 1823 294 1874 eotubtr’.
320 1820 355 1875 In
368 1821 518 1875 venatione
529 1826 621 1875 autem
630 1821 679 1875 illa
689 1826 718 1876 et
736 1839 798 1875 eum
808 1838 921 1892 quoque
936 1822 1083 1890 erravisse,
1098 1837 1160 1874 cum
1175 1821 1272 1892 posuit

182 1889 212 1941 in
226 1888 302 1942 furto
317 1905 389 1969 quae
403 1894 498 1959 partes
511 1888 617 1942 fuerint
626 1889 717 1953 Quae·
736 1890 806 1944 sexti
824 1889 891 1943 libri
908 1889 1017 1942 initium
1030 1905 1088 1942 non
1101 1889 1132 1942 in
1145 1889 1154 1942 i
1175 1906 1208 1944 sa
1219 1890 1271 1944 illa

183 1956 266 2010 eteris
290 1957 433 2011 cuiusdam
451 1955 606 2026 PontificIi,
634 1972 716 2026 quem
735 1959 838 2012 lacuna
851 1959 902 2012 sed
915 1957 944 2010 in
958 1957 1007 2010 lib.
1017 1956 1059 2013 VI
1069 1973 1131 2027 cap.
1159 1974 1280 2027 .nuper

183 2024 593 2079 scribitBeatusRhenanus848
602 2023 717 2079 eDania
736 2026 846 2080 demum
859 2043 877 2080 a
889 2042 933 2079 me
942 2024 1167 2079 animadversum
1176 2030 1271 2079 estus

171 2093 345 2146 redeuntem
367 2092 526 2172 repperisse
545 2093 670 2146 codicem
688 2093 717 2146 in
735 2091 1060 2147 PostremosAnnalium
1073 2093 1162 2148 libros
1177 2099 1207 2147 et
1219 2092 1269 2146 Hi·

184 2158 348 2214 Corbeicnsi
359 2160 533 2214 bibhotheca
543 2167 572 2215 et
581 2160 716 2214 detulisse
735 2162 883 2221 storiarum
918 2177 991 2231 quae
1022 2165 1173 2229 supersunt
1208 2177 1270 2214 cum

184 2244 279 2281 secum
288 2228 406 2282 Romam
416 2229 452 2282 ad
460 2229 586 2283 Leonem
594 2227 632 2281 X.
642 2235 671 2282 et
680 2229 715 2282 ab
734 2225 760 2281 A
781 2228 848 2283 uleii
856 2228 937 2283 libris
947 2229 983 2282 de
997 2230 1104 2298 magia,
1122 2234 1270 2282 metamor-

182 2295 232 2349 illo
246 2295 417 2366 quingentos
432 2296 714 2416 ducatosacceppisse
734 2247 864 2367 pAbseon
887 2304 917 2351 et
936 2296 1118 2350 Floridorum
1143 2295 1271 2350 continet

181 2363 248 2418 item
258 2381 323 2417 num
333 2364 381 2419 ille
392 2365 532 2429 Quaestor
540 2364 627 2418 fuerit
651 2380 716 2419 oan-
735 2369 815 2418 vetus
828 2381 900 2417 unus
915 2365 1005 2418 codex
1017 2380 1068 2417 ms.
1103 2363 1132 2416 ui
1145 2364 1213 2418 item
1227 2370 1271 2418 est

182 2448 233 2485 nes
255 2432 382 2512 Angelus
404 2432 610 2487 Arcemboldus
628 2432 716 2486 Medi·
735 2432 897 2486 Florentiae
920 2432 949 2485 in
972 2432 1071 2486 eadem
1113 2431 1271 2486 iblietheca

183 2499 334 2569 alanensis,
351 2517 413 2554 cum
424 2500 539 2554 'l'ezelio
554 2506 612 2553 tum
626 2499 716 2553 indul·
736 2501 809 2553 Plut.
826 2498 961 2556 LXVIII.
980 2500 1042 2553 cod.
1060 2498 1098 2552 H.
1116 2501 1270 2554 membran.

182 2567 293 2637 gentius
310 2568 402 2636 pretio
421 2570 559 2631 vendens,
587 2573 637 2621 eut
654 2567 717 2637 quis
735 2567 917 2636 inscriptione
949 2583 1062 2634 carens,
1098 2569 1195 2622 seculo
1226 2567 1271 2620 XI

182 2635 255 2689 alius
272 2653 330 2690 rem
348 2636 482 2705 gesserit,
504 2636 588 2704 plano
606 2636 717 2704 ignora-
736 2636 875 2704 scriptura
895 2635 1117 2704 Langobardica
1139 2635 1169 2688 in
1183 2634 1269 2689 ‘Casi-

182 2707 278 2755 turbu
300 2701 382 2757 Certe
392 2709 542 2774 postquam
553 2704 641 2756 codex
652 2701 717 2756 Cor·
735 2703 829 2770 nensi,
856 2709 889 2757 ut
905 2703 1028 2783 uidptur,
1055 2703 1269 2782 monasteriem

182 2814 232 2863 sunt
241 2832 289 2862 esse
297 2824 375 2870 testes.
391 2833 418 2862 ex
427 2834 516 2871 quorum
525 2823 659 2863 Bibliotheca
669 2833 716 2862 cum
736 2777 880 2839 exaratus’
900 2777 975 2823 vans
983 2771 1072 2849 muno·
1081 2771 1210 2840 plumbus
1220 2771 1270 2825 ob·

183 2874 245 2922 primi
259 2873 351 2922 qulnque
365 2875 412 2915 llbrl
427 2875 534 2913 Historiae
544 2875 653 2923 Augustae
664 2874 718 2914 Cor·
736 2838 806 2892 situs
816 2856 899 2908 quam
909 2837 1097 2908 corbeienffls’
1111 2838 1185 2918 inm:
1196 2855 1270 2918 quie

183 2924 324 2972 nutricatu,
344 2926 380 2974 qus
393 2925 575 2973 desiccarentur,
593 2924 654 2978 perro
667 2925 715 2966 sris·
736 2911 800 2960 sunt
821 2906 905 2960 etiam
927 2907 1036 2962 scholia
1058 2923 1074 2960 e
1096 2923 1223 2976 margme
1241 2923 1270 2959 m

183 2974 249 3016 tracti
262 2975 364 3023 tuissent,
377 2976 452 3025 illique
465 2987 503 3025 per
515 2976 593 3016 multus
606 2977 716 3017 manased
734 2975 825 3045 ipsam
835 2973 930 3029 Taciti
939 2975 1093 3029 orationem
1102 2973 1192 3044 illata,
1206 2991 1270 3045 par.

182 3030 266 3066 nostras
276 3026 362 3066 tandem
371 3028 532 3076 pervenissent,
547 3039 586 3067 nos
595 3030 717 3076 recognltos
1283 3040 1284 3043 ’

182 3078 241 3126 prius
259 3077 344 3116 eosdem
363 3080 455 3127 quinque
473 3079 538 3118 libros
551 3082 573 3117 at
586 3082 717 3118 correctosa
739 3080 901 3089 ‘-
1000 3093 1003 3099 ¹

182 3129 234 3167 viris
248 3128 362 3176 praedictis
375 3130 464 3168 literatis
478 3131 587 3168 innostra
601 3129 665 3170 Curia
679 3141 716 3169 ex·
735 3130 818 3180 quando
839 3130 939 3180 princeps
957 3129 1064 3170 Guslavus
1087 3129 1114 3168 de
1130 3129 1271 3169 Hohenlohc-

182 3179 307 3218 elstentlbus
317 3190 365 3219 cnm
374 3180 422 3220 eills
432 3181 527 3221 Commii
536 3181 638 3230 praedicti
647 3183 717 3230 opert·
735 3181 916 3230 Schilliugsitirst,
930 3181 964 3220 vii
976 3181 1153 3228 humanissimus,
1172 3181 1195 3220 in
1209 3183 1270 3220 culus

182 3230 234 3278 bus,
248 3240 301 3280 quae
315 3232 429 3278 extabant,
442 3236 515 3272 nesae
529 3237 615 3281 sumptu
624 3233 716 3281 lmprlmi
735 3233 817 3271 familia
825 3232 976 3271 herediiarlum
985 3235 1019 3271 est
1028 3230 1132 3271 Gorbelae
1141 3232 1268 3277 dominium.

182 3282 279 3321 icciinus.
293 3282 377 3321 Deinde
387 3293 446 3330 vero,
455 3292 478 3322 rs
488 3288 603 3331 comperta,
613 3294 679 3322 nuum
689 3293 717 3322 ex
735 3294 783 3323 cum
793 3284 813 3322 ei
822 3284 892 3331 ipsum
900 3285 991 3332 primum
996 3283 1112 3322 Annalium
1121 3282 1199 3322 librum
1209 3292 1271 3322 euar-

184 3333 327 3386 voluminibus
342 3334 394 3373 dicti
404 3332 510 3381 Cornelii,
530 3337 554 3373 nt
567 3335 716 3383 praemittitur,
734 3345 815 3381 tarem,
833 3337 924 3374 testatus
942 3337 976 3373 est
991 3345 1049 3374 nune
1066 3344 1151 3382 quoque
1165 3332 1270 3373 Cerbelae

183 3387 301 3424 correctum
310 3389 332 3424 ct
340 3385 480 3435 impressum,
494 3395 520 3424 sc
533 3387 597 3424 etlam
606 3396 650 3424 non
659 3387 717 3424 inor·
735 3387 812 3424 famem
822 3387 879 3432 ierrI,
893 3387 961 3424 Taciti
971 3386 1067 3424 codicem
1077 3395 1124 3424 esso
1134 3386 1156 3423 ln
1166 3385 1224 3424 dello
1234 3395 1270 3424 oc-

182 3435 255 3475 ‹linate
268 3437 367 3484 ligatum,
387 3437 413 3475 ad
426 3437 495 3475 dlctos
504 3437 610 3475 Abbutem
624 3441 646 3475 et
660 3435 718 3475 Con·
735 3437 839 3476 cultarum
849 3440 871 3475 et
879 3437 909 3475 ltu
918 3440 983 3475 noctu
992 3446 1031 3485 per
1040 3437 1118 3474 bertum
1128 3435 1230 3475 ablatum.

183 3490 272 3526 venturu
292 3487 416 3527 Monssterli
436 3486 565 3528 Convlensls
587 3488 715 3534 remisimus,
759 3489 797 3526 350
815 3488 910 3536 Exposui
921 3487 947 3525 de
956 3497 1013 3526 aare
1022 3487 1045 3525 in
1054 3487 1166 3534 Philologo
1175 3486 1270 3533 vellii,

182 3539 240 3588 quod
252 3539 276 3578 in
289 3548 362 3578 eorum
371 3539 505 3578 Bibliotheca
515 3538 562 3577 loco
571 3539 674 3578 subtracti
683 3549 717 3577 re·
734 3549 755 3587 p.
766 3540 804 3581 les
813 3549 845 3586 sq.
859 3542 881 3576 et
893 3539 962 3577 secuti
975 3548 1010 3576 me
1019 3540 1069 3576 sunt
1079 3537 1177 3576 isumus
1186 3539 1210 3576 et
1217 3537 1271 3587 liip-

161 3628 162 3631 ,
182 3599 262 3640 ponere
279 3594 374 3639 possent.
396 3591 425 3629 nt
440 3594 464 3629 ut
480 3593 633 3638 cognoscerent
651 3600 679 3628 cx
692 3600 717 3628 ea
734 3590 845 3638 pardulum
863 3590 931 3628 RItter
944 3589 1073 3637 veroLipslI
1087 3598 1179 3626 errorem
1193 3589 1271 3627 frustm

182 3640 327 3681 subtractione
339 3642 410 3690 potius
424 3642 455 3680 eis
469 3640 603 3680 commodum
613 3651 675 3689 quam
684 3641 717 3679 ln·
735 3640 849 3678 defendere
857 3640 940 3678 maluit.
1141 3664 1144 3669 ·

183 3693 318 3730 commodum
331 3696 413 3739 omum,
427 3693 524 3731 misimus
538 3692 618 3730 eisdem
628 3702 666 3740 pre
675 3691 717 3730 Ee·
759 3693 797 3731 351
814 3691 864 3730 Vld.
874 3691 935 3737 Keil,
951 3690 1074 3730 observati.
1088 3690 1136 3728 orii.
1151 3690 1173 3728 iu
1185 3689 1234 3728 Cat.
1249 3691 1270 3727 ei

182 3743 248 3781 closla
264 3743 387 3782 Mouasteni
406 3753 478 3782 eorum
496 3743 651 3791 Indulgentiem
668 3752 717 3792 per·
734 3743 794 3780 Verr.
804 3754 827 3791 p.
837 3744 869 3780 ii.
883 3743 917 3780 cui
926 3741 990 3780 fidem
1004 3741 1073 3779 habeo
1086 3743 1200 3789 propterea
1213 3740 1270 3788 quod

182 3795 293 3843 petuam.“
312 3793 346 3833 Oi.
355 3794 431 3842 Vogel,
447 3795 664 3843 serep.v11,p.294.
693 3792 696 3797 “
734 3794 780 3842 lpse
794 3794 909 3841 scripturae
924 3792 1086 3831 slmilitudluem
1100 3801 1223 3839 comparare
1232 3802 1270 3840 po-

208 3845 246 3883 ets
263 3845 285 3883 In
295 3845 367 3883 adnot.
377 3846 404 3882 ad
412 3845 470 3886 Ann.
480 3846 517 3891 IV,
527 3847 558 3884 43.
569 3856 617 3894 pag.
628 3846 673 3884 125.
734 3846 782 3883 tuit.
797 3845 865 3883 Bliter
873 3843 1064 3892 prolegg.p.XLV.
1075 3842 1156 3881 infelici
1166 3842 1270 3881 Industria

208 3895 245 3934 349
262 3894 394 3934 Arcimboldi
407 3906 485 3934 nornen
495 3897 616 3935 Ernestium
626 3897 717 3944 primum
734 3897 880 3935 testimonIum
890 3897 987 3942 petivite
998 3893 1104 3932 Chronico
1115 3893 1237 3940 Catinensi,
1248 3894 1269 3930 in

183 3946 206 3987 lu
218 3945 257 3985 liae
267 3947 408 3994 reposuisse,
423 3948 510 3985 missum
519 3951 590 3986 eutem
599 3947 659 3985 illum
669 3957 716 3985 esse
734 3957 775 3994 quo
790 3947 846 3994 quod
859 3946 936 3984 abbate
945 3945 1052 3994 Dionysio
1066 3945 1123 3983 inter
1135 3944 1189 3983 alios
1203 3944 1269 3983 libros

115 3996 119 4006 ¹
183 3999 276 4037 exeunte
290 4006 345 4034 anuo
360 3997 410 4034 1514
423 4001 445 4035 et
458 3999 549 4036 eDania
562 3998 647 4036 demum
661 3999 716 4036 eirca
733 4000 813 4046 scripta
821 4002 918 4036 narratur
926 3995 1018 4036 historia
1025 3994 1120 4034 Cornelii
1129 4005 1178 4034 esim
1186 3993 1269 4038 Omsra,

183 4057 202 4087 a.
213 4049 264 4088 1518
272 4048 307 4085 vel
317 4048 367 4086 itis
376 4046 472 4093 rediisse,
483 4059 531 4086 curn
541 4048 636 4087 codicem
646 4049 715 4096 ipsum
723 4037 725 4113 ι
733 4058 776 4086 non
791 4052 824 4086 est
837 4048 874 4086 illa
883 4040 978 4087 Cornelii
986 4047 1055 4086 Taciti
1069 4045 1106 4085 sed
1115 4045 1206 4094 Nepotis
1215 4055 1269 4092 quac

183 4100 226 4138 lam
235 4109 255 4137 a.
264 4100 315 4139 1513
324 4101 360 4136 eut
369 4101 427 4136 certe
436 4100 485 4136 1514
495 4100 582 4137 Romam
591 4100 715 4147 pervenisse
723 4126 725 4159 ,
733 4099 840 4138 ferebatur
852 4101 898 4138 sire
908 4099 994 4138 Daretis
1007 4098 1097 4138 historia
1110 4097 1137 4137 de
1151 4095 1209 4136 belle
1218 4097 1268 4135 'lio

183 4153 274 4199 constet,
285 4149 369 4189 monuit
377 4149 444 4189 littter
453 4161 473 4198 p.
484 4150 553 4188 XLIII
562 4160 594 4199 sq.
612 4150 665 4190 Mihi
675 4149 714 4189 ali·
722 4184 725 4194 ,
733 4150 790 4188 iano.
