2760 4874
654 246 737 387 Α
791 261 794 267 ,

204 424 263 489 148
548 431 730 490 CORNELII
744 430 879 493 TACITI

1119 527 1231 566 aulul.

200 596 272 659 dam
290 592 472 678 libertorum
490 601 521 655 ct
538 591 669 676 potitum
687 612 721 655 se
739 611 888 675 arguens,
911 590 1125 676 ultionemque
1144 592 1234 659 haud

200 688 331 753 obscure
344 684 503 771 poscebat.
526 705 585 749 nec
598 707 685 749 mora
698 685 774 768 quin
788 684 1019 750 decerneretur:
1038 695 1070 751 ct
1083 685 1232 753 traheba-

199 793 250 847 tur
266 782 445 857 damnatus,
468 788 620 863 quantum
641 778 777 844 obducta
795 788 883 844 veste
905 788 936 844 et
953 779 1110 846 adstrictis
1129 781 1231 847 fauci-

199 875 259 941 bus
276 875 333 943 niti
345 881 476 959 poterat,
495 871 658 937 clamitans
672 868 717 937 sic
735 871 874 937 inchoari
892 895 1018 951 annum,
1036 872 1095 938 has
1110 871 1232 942 Seiano

200 969 341 1035 victimas
363 966 488 1045 cadere3
511 987 574 1050 quo
596 965 780 1031 intendisset
801 966 924 1044 oeulos,
946 988 1010 1050 quo
1031 966 1130 1032 verba
1147 969 1232 1034 acci-

198 1064 321 1139 derent,
339 1062 431 1148 fuga,
449 1060 594 1138 vastitas;
617 1059 718 1124 deseri
735 1059 860 1138 itinera,
878 1060 962 1139 fora3
981 1068 1017 1126 et
1033 1059 1164 1144 quidam
1180 1084 1230 1126 re-

198 1155 419 1243 grediebantur
431 1152 691 1237 ostentabantque
709 1175 743 1218 se
760 1164 893 1232 rursum,
912 1153 946 1218 id
958 1154 1062 1239 ipsum
1074 1164 1229 1240 paventes

199 1251 284 1336 quod
310 1249 500 1317 timuissent:
527 1269 623 1332 quem
649 1247 732 1312 enim
757 1247 840 1312 diem
867 1270 1002 1313 vacuum
1027 1270 1145 1334 poena,
1173 1248 1230 1314 ubi

199 1345 279 1408 inter
304 1364 394 1407 sacra
415 1352 446 1410 et
467 1350 555 1418 vota,
581 1363 645 1424 quo
672 1350 811 1426 tempore
837 1339 942 1406 verbis
969 1341 1062 1406 etiam
1084 1335 1228 1427 profanis

141 1438 149 1445 “
199 1435 346 1501 abstineri
364 1457 432 1500 mos
451 1444 544 1512 essct,
562 1433 666 1500 vincla
683 1443 715 1499 et
732 1435 863 1518 laqueus
875 1435 1081 1502 inducantur?
1098 1458 1165 1501 non
1181 1437 1229 1501 in-

197 1530 381 1615 prudentem
405 1527 568 1592 Tiberium
589 1537 708 1593 tantum
731 1528 881 1592 invidiam
902 1528 1019 1595 adisse:
1047 1531 1229 1613 quaesitum

198 1623 441 1703 meditatumque
459 1643 498 1686 ne
520 1621 597 1704 quid
613 1621 765 1707 impedire
787 1622 931 1687 credatur
947 1644 1010 1710 quo
1028 1623 1134 1688 minus
1152 1625 1226 1690 novi

197 1716 412 1801 magistratus,
440 1736 502 1798 quo
525 1715 618 1780 modo
639 1714 771 1781 delubra
796 1724 828 1780 et
850 1715 971 1793 altaria,
1000 1716 1053 1785 sic
1068 1738 1227 1785 carcerem

197 1809 366 1875 recludant.
390 1818 514 1874 secutae
532 1809 660 1895 insuper
671 1809 791 1875 litterae
808 1819 913 1895 grates
931 1811 1053 1897 agentis
1066 1813 1153 1896 quod
1170 1812 1227 1878 ho-

196 1904 312 1969 minem
334 1903 492 1969 infensum
512 1904 557 1968 rei
577 1904 722 1989 publicae
746 1905 956 1990 punivissent,
984 1904 1105 1971 adiecto
1124 1908 1227 1994 trepi-

196 1998 269 2062 dam
288 1996 349 2062 sibi
366 1997 476 2076 vitam,
500 2007 661 2083 suspectas
683 1997 880 2063 inimicorum
896 1998 1041 2076 insidias,
1063 1998 1151 2065 nullo
1169 2022 1225 2064 no-
1286 2011 1292 2023 '

196 2092 337 2156 minutim
355 2091 543 2177 conpellato;
561 2114 663 2176 neque
681 2101 786 2157 tamen
803 2090 1004 2157 dubitabatur
1020 2092 1054 2156 in
1066 2091 1226 2159 Neronem

197 2194 228 2250 et
244 2183 454 2271 Agrippinam
472 2185 610 2250 intendi.—

148 2299 176 2345 (ι
259 2278 301 2343 Ni
318 2278 394 2342 mihi
411 2278 601 2344 destinatum
617 2278 699 2345 foret
716 2301 809 2344 suum
826 2300 969 2364 quaeque
985 2280 1019 2344 in
1037 2302 1157 2346 annum
1174 2302 1225 2346 re
1270 2323 1274 2336 ι

196 2371 290 2449 ferre,
317 2372 430 2437 avebat
456 2372 577 2437 animus
601 2373 699 2437 antire
724 2373 892 2457 statimque
913 2394 1086 2439 memorare
1108 2372 1222 2450 exitus,

197 2487 275 2548 quos
283 2465 430 2530 Latinius
444 2475 536 2548 atque
546 2463 666 2550 Opsius
677 2466 833 2548 ceterique
846 2465 956 2551 flagitii
970 2465 1037 2531 eius
1048 2475 1223 2553 repertores

196 2558 347 2636 habuere,
375 2581 438 2623 non
463 2559 556 2623 modo
582 2567 750 2643 postquam
772 2557 810 2624 C.
835 2556 955 2624 Caesar
974 2582 1079 2625 renum
1104 2560 1223 2647 potitus

197 2661 258 2730 est,
278 2654 333 2717 scd
350 2654 498 2718 incolumi
516 2652 657 2730 Tiberio,
680 2653 734 2737 qui
752 2653 904 2717 scelerum
922 2654 1082 2719 ministros
1100 2663 1136 2718 ut
1152 2676 1225 2740 per-

179 2822 180 2827 γ
196 2748 282 2810 verti
293 2746 332 2811 ab
351 2747 419 2813 aliis
437 2745 576 2823 nolebat,
599 2747 644 2811 ita
659 2748 842 2832 plerumque
860 2748 991 2812 satiatus
1010 2757 1041 2812 ct
1059 2747 1172 2815 oblatis
1191 2749 1223 2812 in

197 2838 328 2902 eandem
345 2861 472 2923 operam
493 2838 670 2903 recentibus
693 2849 814 2905 veteres
832 2849 864 2904 ot
884 2863 1073 2926 praegraves
1091 2841 1221 2906 adflixit.

196 2952 305 2994 verum
326 2930 384 2995 has
402 2940 501 3013 atque,
513 2931 590 2996 alias
614 2933 749 2996 sontium
767 2955 885 3018 poenas
903 2935 937 2997 in
958 2943 1097 3020 tempore
1120 2934 1224 2999 trade-

196 3047 279 3088 mus:
301 3033 367 3088 tum
385 3024 505 3089 censuit
520 3023 653 3090 Asinius
673 3023 794 3105 Gallus,
814 3028 903 3091 cuius
922 3027 1091 3092 libero'rum
1103 3026 1223 3114 Agrip-

195 3118 270 3203 pina
290 3127 456 3185 matertera
478 3128 555 3196 erat,
578 3120 786 3204 petenduma
807 3121 1004 3206 principeut
1021 3130 1124 3186 metus
1147 3143 1222 3188 suos
1276 3134 1279 3141 '

197 3212 318 3278 senatui
335 3213 483 3278 fateretur
500 3214 699 3297 amoverique
718 3216 841 3279 sineret.
867 3215 987 3279 nullam
1009 3237 1108 3298 aeque
1127 3214 1224 3281 Tibe-

195 3308 274 3386 rius,
301 3316 336 3371 ut
352 3306 491 3385 rebatur,
523 3330 563 3372 ex
588 3308 754 3374 virtutibus
782 3309 847 3374 suis
874 3331 970 3392 quam
1000 3309 1223 3376 dissimulatio-

196 3425 268 3468 nem
286 3401 448 3488 diligebat3
476 3425 513 3467 eo
535 3403 659 3489 aegrius
677 3404 798 3488 accepit
814 3403 933 3471 recludi
955 3425 1035 3486 quac
1052 3412 1222 3489 premeret;

197 3496 252 3561 sed
274 3496 428 3582 mitigavit
451 3493 599 3574 Seianus,
622 3519 686 3561 non
709 3494 794 3562 Galli
816 3520 934 3574 amore,
959 3519 1066 3562 verum
1090 3505 1124 3560 ut
1147 3516 1223 3561 cun·

196 3591 345 3655 ctationes
372 3589 520 3675 principis
549 3591 754 3675 opperiretur,
781 3614 899 3677 gnarus
925 3590 1044 3655 lentum
1064 3590 1097 3654 in
1123 3590 1223 3654 medi-

196 3686 304 3762 tando,
328 3683 382 3749 ubi
399 3684 605 3770 prorupisset,
629 3684 768 3750 tristibus
787 3685 879 3750 dictis
902 3685 1019 3751 atrocia
1039 3684 1125 3750 facta
1147 3705 1222 3749 con-

195 3801 333 3864 iungere.

259 3872 322 3936 Per
343 3873 427 3937 idem
452 3882 575 3958 tempus
597 3874 679 3938 Iulia
699 3883 832 3940 mortem
859 3873 949 3950 obiit,
977 3894 1071 3957 quam
1093 3880 1220 3956 neptem

194 3962 362 4049 Augustus
389 3967 562 4031 convictam
589 3968 731 4033 adulterii
756 3969 958 4033 damnaverat
985 3966 1220 4051 proieceratque

195 4055 229 4120 iu
245 4056 379 4137 insulam
397 4059 586 4138 trimatum,
609 4061 694 4126 haud
714 4062 823 4146 procul
840 4060 955 4147 Apulis
977 4058 1118 4125 litoribus
1123 4080 1133 4134 ;
1154 4056 1219 4120 illic

197 4149 307 4235 viginti
324 4151 412 4216 annis
435 4153 568 4217 exilium
583 4154 738 4231 toleravit,
763 4154 928 4241 Augustae
950 4175 1009 4239 ope
1028 4158 1217 4228 sustentata3
