2760 4874
250 363 313 428 286
597 371 780 429 CORNELII
795 370 929 427 TACITI

1171 471 1193 503 a
1203 473 1227 503 ιι.
1236 465 1281 504 ars.

250 530 420 599 modestiae
438 529 532 607 sama,
551 551 632 613 quae
650 551 750 613 neque
765 530 896 594 summis
909 529 1089 594 mortalium
1103 533 1282 616 spernenda

249 635 296 689 est
314 633 345 688 et
363 647 382 687 a
399 623 447 687 dis
466 623 676 694 aestimatur.“
706 622 799 687 simul
816 622 992 688 diademate
1015 633 1110 710 caput
1129 624 1280 690 Tiridatis

249 717 375 793 minxit,
395 727 570 802 promptam
589 717 728 799 equitum
747 739 890 794 manum,
908 739 988 800 quae
1005 739 1114 802 regem
1134 740 1176 782 ex
1192 741 1280 784 more

249 821 393 887 sectatur,
408 810 544 886 Monesi,
559 809 655 874 nobili
668 810 744 887 viro,
760 810 886 873 tradidit
898 810 1028 875 adiectis
1037 811 1278 877 Adiabenorum
1313 881 1316 888 ,

249 903 387 981 auxiliis,
406 904 628 988 mandavitque
646 903 806 990 Tigranen
823 902 976 968 Armenia
994 904 1176 983 exturbare,
1203 906 1278 970 dum

248 997 316 1082 ipse
343 997 452 1082 positis
479 997 631 1062 adversus
655 996 823 1082 Hyrcanos
850 997 1014 1063 discordiis
1040 998 1123 1065 vires
1151 999 1278 1064 intimas

248 1090 425 1174 molemque
443 1090 518 1156 belli
536 1091 597 1156 ciet
614 1091 783 1176 provinciis
801 1091 953 1157 Romanis
971 1092 1129 1158 minitans.

215 1203 230 1249 a
314 1184 405 1268 Quae
423 1185 477 1251 ubi
496 1184 669 1252 Corbuloni
687 1186 779 1250 certis
802 1186 920 1252 nuntiis
943 1187 1050 1252 audita
1068 1197 1157 1266 sunt,
1180 1189 1280 1274 legio-

248 1302 305 1344 nes
328 1281 406 1345 duas
430 1302 502 1346 cum
525 1280 684 1345 Verulano
708 1278 827 1345 Seram
850 1290 881 1345 ct
898 1279 1006 1346 Vettio
1028 1281 1152 1348 Bolano
1176 1283 1278 1349 subsi-

249 1374 336 1438 dium
346 1375 476 1460 Tigrani
494 1375 596 1451 mittit,
615 1374 736 1439 occulto
749 1384 926 1462 praecepto,
945 1375 1151 1461 compositius
1166 1387 1276 1442 cuncta

249 1489 344 1552 quam
366 1468 564 1533 festinantius
588 1478 730 1554 agerent:
756 1469 872 1554 quippe
895 1468 1012 1535 bellum
1038 1467 1156 1536 habere
1183 1492 1276 1555 quam

249 1584 357 1647 gerere
375 1561 525 1640 malebat,
550 1563 778 1648 scripseratque
797 1561 928 1627 Caesari
949 1563 1075 1650 proprio
1092 1564 1176 1630 duee
1199 1587 1276 1650 opus

249 1678 333 1732 esse,
352 1656 406 1739 qui
424 1655 608 1720 Armeniam
626 1657 822 1722 defenderet:
847 1655 973 1743 Syriam
994 1658 1162 1744 ingruente
1180 1658 1276 1725 Volo-

248 1770 324 1833 gese
350 1748 467 1813 acriore
493 1750 527 1812 iu
552 1750 731 1815 discrimine
758 1772 837 1815 esse.
874 1761 968 1834 atque
989 1751 1114 1815 interim
1139 1752 1275 1837 reliquas

248 1841 387 1927 legiones
405 1864 462 1929 pro
479 1843 548 1928 ripa
556 1843 729 1929 Euphratis
742 1843 834 1922 locat,
853 1844 1087 1910 tumultuariam
1100 1847 1277 1930 provincia-

248 1935 324 2000 lium
343 1959 471 2000 manum
489 1947 602 2015 armat,
626 1937 757 2003 hostiles
779 1939 942 2024 ingressus
963 1939 1129 2024 praesidiis
1151 1941 1277 2006 interei-

248 2031 303 2116 pit.
322 2041 353 2096 et
370 2032 445 2114 quia
462 2055 561 2119 egena
579 2056 729 2117 aquarum
747 2033 835 2119 regio
853 2045 910 2111 cst,
930 2032 1059 2098 castella
1072 2033 1213 2117 fontibus
1231 2037 1276 2100 in-

248 2126 364 2211 posita3
383 2127 537 2210 quosdam
555 2127 638 2192 rivos
657 2139 810 2214 congestu
827 2126 963 2191 harenae
981 2125 1111 2191 abdidit.

214 2242 229 2287 4
312 2221 363 2285 Ea
385 2222 460 2285 dum
482 2246 501 2287 a
520 2220 700 2287 Corbulone
723 2221 857 2287 tuendae
881 2219 993 2306 Syriae
1015 2233 1179 2306 parantur,
1208 2235 1276 2289 aeto

248 2316 360 2401 raptim
379 2317 504 2401 agmine
522 2316 687 2393 Moneses,
706 2325 741 2380 ut
758 2315 876 2380 samam
895 2315 944 2380 sui
961 2316 1188 2402 praeiret‘non
1205 2318 1275 2382 ideo

248 2410 388 2473 nescium
407 2419 461 2472 aut
477 2409 637 2475 incautum
656 2409 815 2495 Tigranen
832 2409 976 2474 offendit:
995 2420 1205 2496 occupaverat
1222 2411 1277 2476 Ti·
1355 2467 1363 2477 .

248 2512 477 2587 granoeertam‚
513 2503 624 2567 urbem
654 2504 745 2588 copia
771 2502 972 2568 defensorum
1003 2514 1034 2568 et
1060 2505 1276 2590 magnitudine

248 2598 406 2662 moenium
425 2597 574 2675 validam3
601 2598 642 2661 ad
659 2597 719 2662 hoc
736 2596 943 2682 Nicephorius
966 2598 1067 2662 amnis
1085 2598 1172 2662 haud
1191 2621 1276 2683 sper-

248 2692 351 2755 nenda
369 2691 530 2755 latitudine
552 2701 673 2775 partem
690 2714 851 2756 murorum
873 2690 972 2755 ambit
994 2701 1025 2756 et
1047 2692 1142 2756 ducta
1163 2693 1275 2778 ingens

248 2784 345 2859 fossa,
365 2806 428 2865 qua
445 2785 539 2849 fluvio
553 2785 767 2864 diffidebatur3
786 2785 968 2869 inerantque
981 2786 1095 2850 milites
1109 2795 1141 2850 et
1159 2786 1276 2871 provisi

248 2887 319 2941 ante
338 2889 540 2954 commeatus,
560 2901 691 2960 quorum
707 2880 859 2945 subvectu
871 2880 964 2965 pauci
978 2881 1101 2945 avidius
1115 2881 1275 2966 progressi

225 2980 279 3055 ,et
295 2970 464 3054 repentinis
487 2970 630 3038 hostibus
654 2973 856 3039 circumventi
876 2975 924 3039 ira
946 2975 1047 3060 magis
1070 2997 1167 3058 quam
1190 2985 1276 3039 metu

248 3074 368 3130 ceteros
382 3066 597 3130 accenderant.
621 3068 676 3132 scd
684 3066 803 3133 Partho
813 3069 854 3133 ad
863 3070 1080 3153 exsequendas
1095 3068 1274 3134 obsidiones

248 3159 333 3224 nulla
351 3161 525 3224 comminus
544 3161 688 3226 audacia:
711 3162 789 3227 raris
809 3162 931 3248 sagittis
957 3184 1059 3246 neque
1077 3162 1203 3227 clausos
1223 3185 1275 3226 ex-

248 3264 341 3319 terret
359 3265 389 3319 et
408 3264 507 3319 semet
528 3255 705 3320 frustratur.
728 3255 887 3321 Adiabeni
905 3279 977 3320 eum
998 3279 1184 3341 promovere
1207 3279 1275 3321 sca-

247 3349 293 3415 las
306 3360 343 3414 et
361 3350 611 3415 machinamenta
627 3351 808 3436 inciperent,
828 3351 920 3416 facile
934 3351 1062 3428 detrusi,
1082 3372 1158 3415 mox
1172 3373 1275 3415 crum-

247 3445 393 3530 pentibus
412 3446 526 3509 nostris
546 3445 725 3509 caeduntur

214 3571 229 3616 5
313 3539 452 3604 Corbulo
470 3549 589 3616 tamen,
617 3539 760 3623 quamvis
784 3536 928 3603 secundis
946 3539 1040 3603 rebus
1060 3539 1140 3616 suis,
1169 3540 1276 3604 mode-

221 3636 380 3700 randum
397 3634 540 3698 fortunae
558 3643 644 3698 ratus
667 3634 751 3698 misit
778 3633 818 3698 ad
840 3632 1022 3720 Vologesen
1044 3633 1099 3717 qui
1126 3644 1276 3719 expostu-

247 3729 347 3794 larent
335 3729 428 3793 tvim
445 3728 624 3814 provinciae
641 3728 774 3805 illatam3
798 3728 918 3792 socium
939 3728 1137 3810 amicumque
1156 3750 1212 3813 re
1193 3750 1275 3804 o,em

249 3825 390 3889 cohortes
409 3823 568 3888 Romanas
586 3821 808 3886 circumsideri.
836 3822 913 3886 omit
901 3831 991 3885 tteret
1013 3821 1118 3905 potius
1137 3821 1277 3887 obsidio·

248 3942 330 3996 nem,
345 3928 398 3982 aut
408 3940 441 3982 se
455 3939 579 4001 quoque
588 3915 622 3979 in
634 3939 709 4002 agro
718 3915 935 3980 hostilieastra
947 3915 1133 4000 positurum.
1154 3915 1277 4000 Caspe·

248 4013 313 4076 rius
336 4013 474 4076 centurio
497 4012 529 4074 in
552 4033 621 4075 eam
642 4011 832 4096 legationem
854 4010 993 4074 delectus
1016 4009 1101 4094 apud
1124 4010 1276 4095 oppidum

248 4106 385 4184 Nisibin,
414 4100 534 4191 s‘eptem
557 4115 588 4170 et
610 4105 738 4192 triginta
759 4105 884 4170 milibus
907 4127 1060 4190 passuum
1082 4128 1101 4168 a
1120 4105 1275 4191 Tigrano·
