2760 4874
122 352 186 417 200
419 400 426 411 -
472 361 653 421 CORNELII
667 360 800 419 Taum

1043 456 1153 495 nasot

119 522 231 599 dierat,
250 530 427 607 promptus,
446 520 660 585 discordantes
676 519 710 584 in
727 520 893 585 consilium
910 530 1008 587 vocat
1025 544 1066 587 ae
1082 544 1155 608 pro-

119 638 204 681 mere
223 616 409 680 sentcntiam
427 624 458 680 et
475 615 596 680 adicere
613 614 749 680 rationes
767 613 863 681 iubet.
973 632 980 641 ’

86 731 101 778 2
182 710 351 777 Narcissus
364 720 455 776 vetus
469 708 710 788 matrimonium,
728 708 880 776 familiam
894 732 1100 777 communem
1112 750 1154 759 —

119 828 193 871 uam
210 803 350 870 Antonia
372 828 412 871 cx
428 804 561 870 Paetina
582 813 648 869 crat
665 842 722 883 -,
740 804 818 873 nihil
838 805 873 871 in
892 805 1067 892 penatibus
1086 806 1154 872 eius

119 922 236 965 novum
254 899 440 976 disserebat,
464 899 492 963 si
509 907 599 963 sueta
616 898 731 963 coniux
751 898 880 977 rediret,
902 900 1154 986 haudquaquam

119 994 335 1060 novercalibus
345 994 424 1060 ediis
437 994 543 1058 visura
551 992 765 1058 Britannicum
774 1002 806 1058 et
816 991 997 1072 Octaviam,
1006 986 1155 1080 proxima

120 1087 186 1154 suis
208 1090 350 1176 pignora.
383 1087 533 1154 Callistus
555 1086 752 1173 inprobatam
772 1086 868 1174 longo
890 1087 1041 1167 discidio,
1066 1109 1106 1153 ac
1128 1088 1156 1153 si

118 1206 243 1249 nusum
261 1195 485 1259 assumeretur,
509 1205 547 1247 co
564 1183 634 1268 ipso
653 1181 836 1268 superbam;
857 1181 1017 1269 longeque
1034 1181 1155 1248 rectius

118 1277 257 1342 Lolliam
275 1277 394 1354 induci,
417 1277 544 1360 quando
561 1275 664 1341 nullos
681 1275 797 1341 liberos
814 1276 992 1363 genuisset,
1016 1300 1155 1342 vacuam

119 1370 325 1436 aemulatione
339 1381 370 1435 ct
382 1370 534 1457 privignis
549 1368 686 1455 parentis
699 1369 769 1433 leco
782 1368 930 1435 suturam.
953 1368 1109 1437 atPallas
1122 1371 1156 1436 id

118 1464 254 1530 maxime
276 1465 309 1529 in
326 1463 504 1552 Agrippina
525 1463 666 1542 laudare,
689 1463 775 1548 quod
797 1459 980 1531 Germanici
1001 1472 1154 1551 nepotem

119 1580 227 1623 secum
245 1559 388 1636 traheret,
407 1559 538 1644 dignum
555 1580 684 1644 prorsus
702 1557 901 1643 imperatoria
917 1556 1062 1624 fortuna:
1082 1558 1155 1624 stir-

117 1673 190 1735 pcrn
209 1652 344 1717 nobilem
363 1662 394 1717 ct
411 1652 548 1717 familiae
564 1653 664 1718 Iuliae
679 1650 892 1735 Claudiaeque
909 1661 1058 1737 posteros
1077 1673 1156 1717 eon-

118 1744 269 1830 iungcret,
288 1767 327 1810 nc
345 1746 463 1810 semina
480 1755 624 1831 expertae
640 1744 850 1821 fecunditatis,
868 1745 993 1831 integra
1009 1745 1154 1824 iuventa,

118 1836 333 1903 claritudinem
352 1837 526 1904 Caesarum
544 1838 637 1903 aliam
654 1838 687 1902 in
705 1839 833 1904 domum
851 1836 969 1903 ferret.¹
1077 1832 1080 1837 ’

85 1951 100 1996 s
123 2012 127 2021 Ι
182 1930 390 1998 Praevaluere
412 1933 490 1998 hacc
512 1933 619 1998 adiuta
639 1930 835 2019 Agrippinae
856 1930 1041 2008 inlecebris,
1066 1955 1154 2018 quae

118 2026 159 2090 ad
176 2048 248 2091 eum
265 2049 321 2112 pcr
339 2027 476 2113 speciem
493 2025 733 2091 necessitudinis
751 2025 860 2092 crebro
878 2026 1067 2092 ventitando
1085 2029 1155 2113 pel-

118 2118 182 2183 licit
195 2129 351 2205 patruum,
370 2130 405 2184 ut
422 2119 561 2205 praelata
573 2119 684 2185 ceteris
702 2127 734 2183 et
750 2119 891 2184 nondum
910 2140 990 2184 uxor
1007 2122 1155 2205 potentia

118 2214 228 2278 uxoria
249 2214 311 2278 iam
334 2225 484 2292 uteretur;
510 2235 584 2277 nam
606 2212 661 2277 ubi
685 2213 734 2277 sui
756 2212 944 2277 matrimonii
967 2223 1056 2279 certa
1076 2214 1150 2293 firit,

120 2317 238 2372 struere
256 2309 374 2373 maiora
391 2309 577 2393 nuptiasque
595 2307 743 2385 Domitii,
762 2328 857 2393 quem
875 2328 915 2371 cx
933 2305 994 2371 Cn.
1014 2305 1153 2374 Aheno·

118 2399 216 2466 barbo
233 2411 397 2488 genuerat,
417 2413 448 2466 et
466 2400 629 2477 Octaviae,
650 2398 798 2465 Caesaris
815 2399 907 2477 filiae,
926 2399 1046 2479 moliri;
1065 2402 1154 2485 quod

119 2495 185 2559 sine
216 2496 333 2559 scelere
358 2495 529 2581 perpetrari
550 2517 613 2558 non
636 2502 770 2579 poterat,
798 2493 873 2576 quia
893 2493 935 2557 L.
959 2490 1073 2559 Silano
1097 2495 1155 2559 de-

119 2589 286 2674 sponderat
300 2588 466 2655 Oetaviam
481 2589 600 2655 Caesar
612 2590 818 2672 iuvenemque
836 2598 867 2652 et
884 2587 945 2652 aha
961 2587 1087 2654 clarum
1104 2591 1155 2654 in-

61 2706 64 2711 ·
119 2682 201 2766 signi
213 2683 446 2768 triumphalium
460 2692 491 2747 et
503 2683 679 2769 gladiatorii
687 2681 825 2746 muneris
834 2680 1070 2767 magnificentia
1078 2705 1155 2768 pro-

119 2775 230 2839 tulerat
244 2777 284 2839 ad
299 2777 402 2840 studia
414 2777 514 2862 vulgi3
530 2777 587 2842 sed
595 2776 672 2841 nihil
685 2776 818 2840 arduum
826 2775 1034 2840 videbaturin
1043 2774 1153 2843 animo

117 2868 281 2955 principis,
301 2869 351 2932 cui
368 2892 432 2933 non
449 2871 611 2948 iudicium,
630 2893 693 2935 non
711 2870 819 2934 edium
837 2879 903 2934 crat
919 2868 981 2933 nisi
998 2869 1103 2936 indita
1121 2882 1155 2936 et

119 2985 215 3026 iussa.

85 3081 101 3126 4
182 3055 284 3140 igitur
301 3055 461 3133 Vitellius,
486 3059 611 3122 nomiae
630 3058 767 3122 censoris
786 3056 914 3122 serviles
932 3056 1076 3124 fahacias
1096 3058 1155 3124 ob-

120 3162 228 3236 tegens
251 3149 524 3235 ingruentiumque
547 3151 792 3216 dominationum
813 3151 969 3236 provisor,
993 3172 1059 3233 quo
1077 3175 1154 3239 gra-

120 3244 194 3308 tiam
208 3244 403 3329 Agrippinae
420 3254 552 3330 pararet,
572 3244 708 3309 consiliis
727 3245 795 3309 eius
813 3243 973 3329 implicari,
992 3243 1078 3309 ferre
1092 3247 1154 3310 eri-

119 3341 204 3405 mina
220 3341 252 3403 in
267 3338 419 3416 Silanum,
439 3341 527 3405 cuius
542 3362 616 3404 sane
631 3340 741 3403 decora
761 3348 793 3402 et
808 3361 926 3424 procax
940 3359 1036 3415 soror,
1056 3338 1155 3405 Iunia

121 3434 261 3514 Caluina,
280 3435 365 3498 haud
378 3435 511 3500 multum
528 3442 601 3498 ante
614 3432 732 3497 Vitellii
748 3455 846 3497 nurus
864 3433 979 3496 fuerat:
997 3430 1074 3497 hinc
1092 3434 1154 3498 ini-

119 3529 197 3592 tium
219 3528 440 3605 accusationis;
463 3528 655 3611 fratrumque
672 3550 737 3591 non
758 3527 913 3591 incestum
930 3526 987 3590 sed
1008 3525 1153 3594 incusto-

120 3622 219 3686 ditum
241 3645 379 3686 amorem
401 3622 442 3686 ad
462 3621 624 3686 infamiam
646 3621 754 3698 traxit3
782 3630 814 3686 et
834 3619 1005 3706 praebebat
1027 3619 1154 3687 Caesar

120 3739 220 3793 aures,
239 3716 427 3801 accipiendis
442 3717 591 3779 adversus
605 3737 756 3801 generum
770 3713 1000 3800 suspicionibus
1018 3714 1152 3780 caritate

119 3810 200 3874 filiae
218 3811 397 3895 promptior.
421 3819 453 3874 at
468 3808 594 3877 Silanus
611 3809 794 3873 insidiarum
812 3808 936 3873 nescius
954 3829 992 3874 ac
1009 3807 1093 3872 forte
1112 3831 1152 3874 eo
1188 3891 1194 3902 υ

120 3925 201 3967 anno
214 3914 347 3987 praetor,
365 3913 492 3989 repente
505 3926 561 3989 per
578 3903 715 3967 edictum
727 3902 846 3968 Vitellii
864 3901 971 3967 ordine
990 3903 1151 3968 senatorio

121 4005 275 4072 movetur,
299 4018 488 4080 quamquam
510 3997 591 4062 lecte
613 3997 734 4082 pridem
757 4006 867 4062 senatu
888 3995 1050 4078 lustroque
1072 4018 1151 4060 con-

121 4087 199 4165 dit03
224 4089 316 4153 simul
339 4089 522 4156 affinitatem
541 4090 694 4157 Claudius
717 4091 853 4169 diremit,
877 4090 1070 4172 adactusque
1096 4087 1150 4156 Si-
