2760 4874
233 366 275 432 88
579 373 762 432 CORNELII
775 373 907 431 TACITI

1144 471 1255 510 aram.

230 536 427 602 duraverunt.
460 531 579 597 Caesar
604 531 685 597 flexo
706 533 740 596 in
761 532 947 597 maestitiam
968 555 1035 611 ore,
1063 557 1153 599 suam
1174 536 1255 601 invi-

229 629 314 693 diam
339 628 394 692 tali
419 637 518 691 morte
544 626 717 709 quaesitam
743 627 827 712 apud
854 637 996 691 senatum
1022 627 1096 662 Μ
1122 630 1254 697 crebris·

229 745 290 806 que
317 718 611 806 interrogationibus
633 720 767 803 exquirit
789 720 914 803 qualern
934 721 1011 786 Piso
1034 723 1117 788 diem
1143 747 1254 810 supre-

228 839 315 880 mum
340 824 525 898 noctemque
552 813 724 898 exegisset3
756 823 849 898 atque
874 815 928 879 illo
953 815 1102 901 pleraque
1129 819 1273 903 sapient

228 919 288 986 ter,
303 909 472 992 ¹quaedam
496 906 702 972 inconsultius
727 907 935 992 respondente
960 910 1070 974 recitat
1092 912 1252 978 codicillos

227 1026 247 1067 a
271 1001 389 1067 Pisone
415 1001 448 1065 in
472 1000 556 1066 hune
582 1000 680 1087 ferme
713 1001 842 1065 modum
872 1002 1076 1087 compositos:
1108 1007 1250 1091 „conspi-

226 1095 345 1160 ratione
374 1095 570 1160 inimicorum
601 1103 632 1159 et
662 1094 779 1159 invidia
804 1093 877 1159 falsi
903 1096 1039 1162 criminis
1071 1117 1248 1183 oppressus,

226 1199 381 1271 quatenus
399 1187 522 1253 veritati
539 1197 570 1253 et
590 1188 784 1253 innocentiae
802 1210 891 1252 meae
912 1212 1068 1273 nusquam
1085 1189 1172 1258 locus
1191 1201 1248 1268 est,

227 1283 303 1347 deos
324 1280 504 1347 inmortales
527 1290 625 1346 testor
646 1280 846 1359 vixissem,
871 1280 1005 1360 Caesar,
1028 1305 1100 1348 cum
1116 1284 1176 1348 fide
1195 1285 1250 1347 ad-

225 1398 352 1439 versum
370 1385 401 1440 te
417 1396 520 1461 neque
533 1374 594 1438 alia
605 1373 639 1438 in
652 1384 784 1439 matrem
798 1384 884 1439 tuam
900 1376 1030 1460 pietate;
1048 1399 1165 1460 vosque
1184 1399 1249 1454 oro,

225 1467 341 1538 liberis=
353 1467 432 1535 meis
448 1464 635 1557 *datia
659 1489 699 1531 ex
720 1466 834 1551 quibus
854 1466 913 1533 Cn.
932 1468 1008 1534 Piso
1031 1470 1250 1553 qualicumque
1343 1495 1346 1501 ·

225 1562 369 1627 fortunae
386 1580 476 1626 meae
485 1556 558 1626 'non
575 1570 623 1625 est
640 1561 819 1638 adiunctus,
843 1584 915 1626 eum
934 1585 1025 1627 omne
1047 1562 1108 1628 hoc
1126 1575 1249 1648 tempus

225 1657 258 1720 in
280 1656 356 1720 urbe
379 1655 490 1741 egerit,
513 1654 561 1719 M.
579 1654 656 1720 Piso
677 1665 817 1740 repetere
836 1653 961 1741 Syriam
983 1657 1163 1722 dehortatus
1186 1667 1249 1722 est:
1320 1701 1323 1706 ·

226 1759 319 1832 atque
341 1749 460 1813 utinam
482 1771 542 1835 ego
559 1749 663 1834 potius
685 1749 750 1813 filio
767 1748 872 1816 iuveni
894 1771 989 1833 quam
1010 1751 1062 1814 ille
1083 1751 1164 1835 patri
1183 1750 1250 1815 seni

226 1842 383 1908 cessisset.
411 1864 449 1907 eo
470 1841 632 1927 inpensius
654 1864 764 1927 precor
780 1864 820 1906 ne
843 1865 931 1907 meae
952 1843 1113 1929 pravitatis
1131 1865 1250 1929 poenas

224 1936 371 2005 innoxius
388 1935 467 1999 luat:
489 1958 546 2020 per
563 1935 699 2019 quinque
718 1944 749 2000 et
766 1936 972 2022 quadraginta
990 1959 1141 2001 annorum
1159 1935 1251 2000 obse·

226 2030 344 2112 quium,
362 2052 419 2115 per
436 2029 602 2116 collegium
620 2029 800 2094 consulatus
823 2030 981 2111 quondam
999 2031 1072 2095 divo
1083 2028 1249 2116 Auguste,

224 2124 346 2208 parenti
368 2133 436 2201 tuo,
462 2123 612 2208 probatus
635 2132 667 2189 et
688 2122 745 2188 tibi
766 2123 885 2188 amicus
907 2145 966 2188 nee
988 2124 1156 2208 quicquam
1174 2133 1251 2210 post

224 2217 304 2282 haec
324 2226 490 2303 rogaturus
513 2216 646 2287 salutem
667 2215 801 2281 infelicis
823 2215 880 2287 filii
900 2221 1008 2303 rogo.“
1036 2218 1075 2282 de
1096 2216 1250 2282 Plancina

153 2329 156 2335 ’
224 2311 302 2384 nihil
320 2311 449 2376 addidit.

177 2425 205 2472 tr
287 2403 367 2470 Post
389 2427 470 2489 quae
488 2404 633 2470 Tiberius
655 2402 888 2470 adulescentem
905 2404 1033 2471 erimine
1054 2405 1153 2470 civilis
1175 2403 1250 2470 belli

223 2499 369 2588 purgavit
391 2499 546 2586 -patris
569 2499 684 2584 quippe
710 2499 811 2577 iussa,
837 2521 896 2564 nec
917 2500 1057 2585 potuisse
1079 2499 1177 2563 filiurn
1195 2499 1251 2562 de-

224 2603 355 2657 trectare
372 2632 428 2670 —,
456 2592 549 2661 simul
571 2593 764 2658 nobilitatem
787 2593 913 2671 domus,
935 2595 1029 2658 etiam
1051 2593 1150 2679 ipsius
1172 2615 1251 2677 quo-

224 2687 398 2769 quomodo
420 2686 521 2750 meriti
543 2709 673 2772 gravem
695 2708 803 2752 casum
820 2687 995 2752 miseratus.
1022 2709 1079 2772 pro
1096 2686 1249 2751 Plancina

225 2803 297 2844 eum
315 2781 434 2870 pudore
452 2790 484 2844 et
500 2781 619 2866 flagitio
637 2781 793 2858 ffisseruit,
813 2781 920 2846 matris
937 2802 1046 2866 preces
1059 2776 1248 2857 obtendens,

222 2875 257 2939 in
278 2896 373 2956 quarn
396 2875 506 2960 optimi
528 2876 679 2959 cuiusque
702 2876 813 2941 secreti
834 2875 1083 2961 questnsmagis
1106 2875 1250 2938 ardesce-

223 2968 312 3032 bant:
339 2970 372 3033 id
394 2992 469 3054 ergo
491 2969 540 3033 fas
564 2970 666 3047 aviae,
692 2969 932 3037 interfectricem
952 2969 1075 3054 nepotis
1098 2969 1248 3053 aspicere,

224 3064 363 3147 adloqui,
387 3064 504 3149 eripere
524 3065 659 3142 senatui;
682 3065 767 3148 quod
783 3087 840 3150 pro
858 3064 1003 3137 omnibns
1022 3062 1142 3143 civibus
1160 3063 1248 3148 leges

224 3157 397 3236 obtineant,
420 3159 476 3222 uni
494 3157 682 3224 Germanice
703 3153 766 3223 nen
789 3158 973 3244 contigisse;
995 3157 1114 3223 Vitellii
1136 3165 1166 3222 et
1184 3156 1249 3222 Ve-

223 3253 302 3316 ranii
319 3273 395 3317 voce
414 3253 561 3317 defletum
580 3251 762 3330 Caesarem,
786 3251 825 3320 ab
847 3252 1033 3338 Mperatore
1051 3261 1082 3315 et
1098 3248 1251 3336 Augusta
1313 3238 1342 3331 {-

224 3346 386 3411 defensam
399 3345 596 3410 Plancinam:
615 3346 744 3431 proinde
758 3368 879 3409 venena
895 3355 927 3410 et
944 3355 1025 3410 artes
1039 3354 1104 3408 tarn
1116 3343 1249 3408 feliciter

224 3449 368 3526 expertas
383 3450 516 3505 verteret
528 3441 562 3504 in
575 3439 793 3526 Agrippinam,
807 3440 840 3503 in
852 3439 968 3505 liberos
981 3440 1057 3515 eius,
1072 3438 1250 3524 egregiamae.

223 3555 284 3616 que
303 3534 405 3598 aviam
422 3556 459 3599 ac
476 3533 795 3619 patruum'sanguine
817 3533 1008 3598 miserrimae
1026 3533 1138 3596 demus
1156 3554 1249 3596 exsa-
1357 3539 1360 3544 ’

224 3627 322 3714 tiaret.
345 3627 476 3693 biduum
494 3650 588 3713 super
604 3627 663 3692 hac
675 3628 811 3713 imagine
829 3628 1015 3713 cognitionis
1034 3626 1246 3711 absumptum,

223 3731 354 3809 urgente
372 3721 499 3795 Tiberio
516 3721 630 3787 liberos
647 3720 789 3800 Pisonis,
811 3730 943 3786 matrem
960 3721 1006 3786 uti
1024 3728 1197 3797 tuerentur;
1215 3729 1248 3784 et

224 3837 295 3879 curn
313 3825 509 3895 accusatores
527 3838 565 3880 ae
583 3824 678 3881 testes
692 3815 832 3880 certatim
846 3824 1026 3900 perorarent
1036 3813 1247 3899 respondente

225 3908 324 3987 nulle,
346 3909 503 3973 miseratio
525 3931 620 3993 quam
640 3909 759 3974 invidia
780 3909 961 3996 augebatur.
984 3910 1103 3995 primus
1122 3916 1248 3992 senten·

225 4001 300 4066 tiam
317 4012 444 4088 rogatus
462 4001 611 4073 Aurelius
625 4002 720 4068 Cotta
737 4004 980 4071 consul—nam
997 4003 1150 4087 referente
1164 4000 1247 4066 Cae-

224 4119 294 4161 sare
311 4096 511 4182 magistratus
530 4121 568 4169 ee
586 4098 679 4164 etiam
696 4121 825 4165 munere
842 4098 1055 4186 fungebantur
1071 4135 1114 4169 -ῃ
1130 4117 1246 4161 nornen
