2760 4874
417 349 625 409 ANNALIUM
642 350 716 406 LIB.
725 353 762 406 11.
776 352 894 408 17-21.
1124 341 1165 406 51

138 457 160 497 p.
171 444 259 486 cars.
354 476 357 480 Α

138 530 251 579 eorum
276 509 411 588 catenis,
438 530 517 593 quas
543 508 577 572 in
594 508 756 574 Romanos
782 517 817 573 ut
842 531 906 574 uon
931 510 1027 577 dubio
1053 522 1167 577 eventu

137 608 351 692 portaverant
368 601 460 669 miles
472 601 507 666 in
518 601 708 687 locoproelii
716 602 878 668 Tiberium
886 603 1104 690 imperatorem
1117 629 1168 671 sa-

138 698 251 767 lutavit
269 697 445 782 struxitque
462 718 610 783 aggerem
628 696 709 761 etin
724 698 853 762 modum
867 709 1063 783 tropaeorum
1080 724 1167 765 anna

139 790 327 876 subscriptis
345 790 498 854 victarum
514 789 656 876 gentium
672 789 850 855 nominibus
867 791 1025 877 imposuit.

200 885 303 951 Haud
318 883 449 970 perinde
462 879 639 949 Germanos
653 883 789 963 vulnera,
798 884 912 963 luctus,
931 885 1053 950 excidia
1068 908 1165 970 quam
1186 905 1216 952 19

125 979 176 1045 'ea
193 978 318 1065 species
336 977 443 1042 dolore
460 985 492 1042 et
507 977 555 1042 ira
571 977 701 1042 adfecit:
727 978 779 1061 qui
803 978 896 1043 modo
919 974 1004 1043 abire
1027 978 1164 1057 sedibus,

139 1083 225 1139 trans
243 1070 355 1137 Albim
381 1070 551 1135 concedere
572 1068 738 1156 parabant,
768 1092 909 1157 pugnam
930 1070 1052 1149 volunt,
1079 1095 1166 1136 arma

139 1166 279 1252 rapiunt3
297 1163 421 1251 plebes,
439 1164 605 1251 primores,
623 1163 785 1241 iuventus,
808 1186 899 1229 senes
917 1186 1032 1250 agmen
1047 1164 1165 1229 Roma-

140 1281 216 1324 num
232 1267 362 1344 repente
378 1258 548 1335 incursant,
566 1256 706 1335 turbant;
728 1267 886 1341 postremo
904 1257 1046 1344 deligunt
1061 1258 1166 1323 locum

139 1353 268 1419 flumine
291 1361 323 1417 et
345 1350 433 1418 silvis
454 1351 612 1430 clausum,
643 1361 711 1434 arta
727 1352 811 1417 intus
827 1353 955 1438 planitie
973 1362 1005 1417 et
1021 1352 1164 1417 humida:

141 1447 237 1513 silvas
263 1467 389 1531 qnoque
414 1445 572 1531 profunda
595 1446 687 1532 palus
713 1445 866 1525 ambibat,
893 1446 954 1511 nisi
976 1449 1062 1530 quod
1082 1447 1164 1512 latus

140 1563 239 1605 unum
255 1537 440 1626 Angrivarii
455 1539 520 1605 lato
537 1561 654 1626 aggere
671 1539 859 1618 extulerant,
876 1562 939 1625 quo
957 1563 977 1605 a
995 1539 1164 1606 Cheruscis

140 1634 370 1699 dirimerentur:
396 1633 448 1698 hic
464 1630 563 1719 pedes
580 1633 699 1699 adstitit
704 1658 714 1712 ;
736 1634 873 1717 equitem
884 1635 1068 1721 propinquis
1085 1635 1164 1700 lucis

140 1740 260 1806 texere,
277 1737 314 1792 ut
330 1728 482 1815 ingressis
501 1728 613 1793 silvam
628 1727 805 1814 legionibus
824 1752 844 1793 a
860 1739 949 1815 tergo
966 1729 1056 1795 foret
1087 1728 1164 1794 nihil
1182 1738 1215 1785 20

139 1845 178 1887 ex
194 1821 245 1888 his
265 1819 396 1887 Caesari
412 1821 620 1908 incognitum:
649 1822 792 1901 consilia,
815 1823 915 1901 locos,
933 1833 1092 1909 prompta,
1111 1845 1164 1888 oc-

139 1916 374 1983 cultanoverat
395 1925 544 1998 astusque
566 1915 703 1980 hostium
726 1916 759 1980 in
774 1917 946 2002 perniciem
966 1918 1044 2002 ipsis
1063 1927 1164 1981 verte-

138 2011 202 2077 bat.
222 2008 298 2077 Seio
309 2009 468 2074 Tuberoni
484 2009 589 2096 legato
607 2010 700 2074 tradit
718 2011 853 2094 equitem
870 2032 1092 2096 campumque3
1109 2033 1164 2095 pe·

138 2105 240 2170 ditum
261 2103 362 2168 aciem
382 2103 426 2168 ita
446 2103 594 2168 instruxit
615 2114 650 2168 ut
670 2126 744 2189 pars
767 2127 867 2189 aequo
889 2106 922 2169 in
944 2105 1055 2169 silvam
1077 2105 1164 2168 aditu

137 2197 306 2275 incederet,
320 2219 393 2282 pars
403 2195 559 2262 obiectum
572 2219 720 2284 aggerem
734 2199 900 2262 eniteretur
904 2223 914 2275 ;
928 2197 1012 2281 quod
1021 2197 1163 2273 arduum,

138 2290 209 2370 sibi,
228 2299 332 2356 cetera
347 2291 459 2377 legatis
472 2291 623 2376 permisit
642 2291 755 2375 quibus
769 2292 864 2377 plana
874 2300 1053 2367 evenerant,
1072 2291 1163 2355 facile

136 2386 298 2470 inrupere3
316 2385 386 2469 quis
403 2381 625 2472 inpugnandus
644 2408 751 2472 agger,
774 2396 810 2449 ut
828 2386 855 2450 si
872 2408 996 2448 murum
1014 2385 1162 2450 succede·

136 2487 217 2557 rent,
235 2478 385 2565 gravibus
404 2501 538 2564 superne
555 2479 669 2544 ictibus
689 2478 959 2557 conflictabantur3
982 2479 1080 2543 sensit
1097 2478 1162 2544 dux

135 2573 279 2658 inparem
297 2573 472 2638 comminus
488 2595 628 2660 pugnam
642 2574 831 2656 remotisque
845 2574 973 2659 paulum
986 2572 1162 2660 legionibus

136 2665 312 2732 funditores
329 2665 545 2751 libritoresque
563 2676 708 2732 excutere
727 2667 789 2732 tela
802 2676 833 2731 et
844 2667 1027 2752 proturbare
1040 2669 1162 2733 hostem

136 2759 239 2839 iubet3
257 2760 373 2828 missae
387 2781 405 2826 e
417 2761 579 2826 tormentis
592 2761 711 2839 hastae,
729 2771 907 2845 quantoque
921 2763 1083 2848 conspicui
1096 2787 1163 2828 ma·

137 2853 187 2940 gie
205 2863 466 2940 propugnatores,
489 2864 575 2937 tanto
592 2854 734 2941 pluribus
752 2856 933 2921 vulneribus
952 2857 1072 2922 deiecti.
1099 2858 1162 2942 pri-

117 2969 210 3035 ¹mus
233 2945 446 3013 Caesareum
468 2950 630 3034 praetoriis
653 2948 832 3015 cohortibus
860 2960 951 3035 capto
972 2950 1054 3016 vallo
1076 2951 1162 3016 dedit

136 3041 290 3128 impetum
307 3041 341 3106 in
358 3042 462 3108 silvas.
485 3043 608 3109 conlato
625 3043 688 3107 illic
705 3045 807 3130 gradu
824 3053 989 3110 certatum:
1006 3043 1129 3111 hostem
1143 3067 1163 3108 a

137 3144 227 3222 tergo
235 3135 338 3221 palus,
352 3136 513 3202 Romanos
523 3137 640 3202 flumen
653 3148 708 3202 aut
719 3148 841 3203 montes
852 3138 1051 3204 claudebant:
1068 3140 1162 3202 utris-

137 3251 199 3314 que
215 3231 387 3296 necessitas
405 3232 439 3296 in
455 3232 539 3310 loco,
567 3254 640 3318 spes
657 3233 690 3296 in
707 3233 835 3311 virtute,
858 3233 942 3298 salus
961 3255 1001 3299 ex
1017 3234 1160 3310 victoria3

137 3346 197 3389 nec
213 3323 317 3389 minor
326 3322 493 3391 Germanis
511 3326 644 3405 animus,
663 3328 720 3392 sed
736 3350 851 3414 genere
868 3349 993 3412 pugnae
1010 3336 1042 3391 et
1059 3347 1162 3390 armo-
1179 3330 1209 3377 ²¹

136 3439 207 3483 rum
225 3418 461 3504 superabantur,
480 3442 552 3486 cum
572 3421 683 3508 ingens
701 3422 867 3485 multitudo
885 3421 960 3485 artis
978 3420 1054 3484 locis
1071 3441 1161 3504 prae-

137 3511 249 3598 longas
272 3511 380 3595 hastas
397 3535 461 3578 non
477 3516 689 3599 protenderet,
711 3537 775 3579 non
793 3515 964 3600 colligeret,
987 3534 1089 3596 neque
1106 3513 1161 3576 ad-

137 3605 272 3672 sultibus
290 3616 322 3672 et
338 3608 501 3672 velocitate
519 3630 683 3694 corporum
701 3618 848 3686 uteretur,
867 3617 975 3673 coacta
992 3605 1103 3671 stabile
1120 3608 1161 3671 ad

136 3700 304 3784 proelium,
324 3712 432 3766 contra
448 3703 553 3788 miles,
577 3704 628 3768 cui
650 3713 774 3768 scutum
790 3702 908 3788 pectori
928 3702 1112 3786 adpressum
1129 3710 1160 3765 et

136 3793 275 3860 insidens
293 3796 406 3881 capulo
423 3820 549 3876 manus,
567 3798 647 3863 latos
665 3797 869 3863 barbarorum
886 3806 985 3873 artus,
1004 3795 1090 3859 nuda
1106 3818 1161 3860 ora

136 3886 257 3954 foderet
274 3889 421 3973 viamque
440 3901 543 3978 strage
565 3891 703 3957 bostium
725 3891 872 3977 aperiret,
898 3891 1075 3976 inprompto
1096 3890 1159 3955 iam

136 3983 278 4048 Arminio
297 3981 340 4047 ob
358 3985 503 4051 continua
519 3985 666 4071 pericula,
686 3986 752 4052 sive
765 3985 857 4049 illum
874 4005 982 4049 recens
996 3994 1160 4070 acceptum

137 4073 249 4141 vulnus
267 4072 445 4143 tardaverat
450 4103 460 4156 3
482 4079 558 4162 quin
575 4089 607 4144 et
623 4079 872 4166 Inguiomerum,
896 4087 961 4143 tota
978 4079 1158 4144 volitantem

947 4179 989 4244 4*
