3032 5046
318 459 380 524 140
662 464 845 524 CORNELII
858 465 989 521 TAClTl

1228 567 1247 598 ι.
1257 569 1279 598 ιι.
1289 561 1335 600 rra.
1447 577 1455 586 ·

314 631 397 707 eius,
418 625 593 713 postulatur
610 631 776 688 accusante
793 622 934 688 Domitio
952 622 1048 689 Afro:
1071 625 1109 690 is·
1120 646 1228 690 recens
1245 649 1336 712 prae-

314 733 397 800 tura,
427 719 569 785 modicus
596 716 794 802 dignationis·
810 726 841 781 et
866 739 993 802 quoquo
1019 717 1157 788 facinore
1183 741 1334 804 properus

313 817 495 892 clarescere,
522 812 639 878 crimen
659 810 884 896 inpudicitiae„
897 811 1072 876 adulterum
1092 811 1258 891 Furnium,
1281 836 1336 879 ve·

311 909 423 974 nalicia
443 907 476 972 in
496 905 668 992 principem
690 913 721 968 et
743 903 924 970 devotiones
946 904 1131 971 obiectabat.
1158 905 1336 992 Agrippina

312 1024 436 1086 semper
452 1010 555 1077 atrox,
573 1008 640 1063 tum
657 1006 689 1062 et
704 997 842 1083 periculo
859 999 1052 1084 propinquae
1070 1022 1214 1079 accensa,
1232 1002 1335 1087 pergit

311 1097 353 1162 ad
369 1093 540 1170 Tiberium,
558 1114 596 1158 ac
612 1091 693 1159 forte
711 1091 937 1160 sacrificantem
953 1094 1035 1178 patri
1050 1094 1179 1179 reperta
1197 1117 1259 1178 quo
1276 1095 1334 1158 irri-

311 1192 355 1256 tio
371 1189 520 1266 invidiae,
537 1209 601 1252 non
618 1185 759 1250 eiusdem
776 1186 820 1250 ait
836 1197 972 1252 mactare
990 1187 1062 1254 divo
1079 1187 1229 1274 Augusto
1246 1189 1334 1254 victi-

310 1291 379 1349 mas
401 1291 432 1347 et
448 1290 590 1368 posteros
612 1279 680 1344 eius
701 1279 861 1357 insectari;
887 1303 951 1344 non
967 1280 1001 1348 in
1023 1281 1145 1368 efligies
1167 1291 1269 1351 mutas
1287 1283 1334 1346 di-

310 1378 417 1442 vinum
436 1375 579 1462 spiritum
591 1373 798 1450 transfusum
817 1373 874 1438 scd
890 1373 1060 1460 imaginem
1072 1398 1188 1454 veram,
1207 1375 1334 1442 caelesti

310 1470 462 1556 sangiune
486 1477 588 1533 ortam
612 1466 791 1552 intellegere
817 1466 998 1550 discrimen,
1026 1470 1184 1554 suscipere
1210 1469 1331 1546 sordes3

310 1566 425 1642 frustra
437 1561 607 1627 Pulchram
623 1559 803 1648 praescribi,
820 1559 873 1626 cui
890 1562 958 1628 sola
974 1563 1061 1628 exitii
1078 1585 1174 1630 causa
1191 1564 1232 1628 sit
1248 1564 1333 1647 quod

309 1658 518 1746 Agrippinam
536 1656 628 1721 stulte
645 1678 773 1741 prorsus
786 1655 832 1740 ad
849 1656 967 1721 cultum
985 1657 1258 1748 delegeritoblita
1273 1657 1333 1724 So-

310 1755 375 1819 siae
393 1750 434 1816 ob
451 1750 561 1816 eadem
574 1748 725 1814 adflictae.
748 1749 854 1814 audita
867 1747 945 1815 haec
957 1773 1059 1816 raram
1072 1751 1185 1816 occulti
1197 1752 1331 1837 pectoris

309 1869 420 1914 vocem
431 1846 578 1922 elicuere3
596 1852 832 1928 correptamque
845 1841 968 1910 Graeco
986 1867 1079 1911 versu
1092 1844 1252 1911 admonuit
1269 1868 1333 1911 non

309 1942 380 2006 ideo
401 1939 496 2016 laedi,
520 1937 594 2020 quia
615 1958 678 2002 non
699 1946 856 2022 regnaret.
883 1935 1021 2004 Pulchra
1037 1949 1069 2004 et
1085 1937 1222 2008 Furnius
1245 1937 1333 2004 dam-

308 2042 430 2100 nantur.
460 2031 542 2099 Afer
557 2028 745 2115 primoribus
763 2039 920 2110 oratorum
937 2031 1076 2110 additus,
1103 2033 1263 2119 diuulgato
1285 2033 1332 2118 irr-

308 2128 402 2215 genio
423 2135 455 2191 et
467 2134 579 2192 secuta
599 2124 833 2191 adseveratione
853 2124 1013 2203 Caesaris,
1038 2147 1100 2208 qua
1118 2149 1179 2212 suo
1200 2127 1267 2191 iure
1284 2127 1331 2212 di-

309 2231 426 2287 sertum
452 2241 524 2286 eum
550 2217 731 2303 appellavit3
758 2240 833 2284 mox
854 2219 1055 2303 capessendis
1081 2219 1331 2295 accusationibus

309 2327 364 2382 aut
387 2338 458 2382 reos
484 2313 614 2382 tutando
639 2313 833 2398 prosperiore
864 2314 1058 2399 eloquentiae
1089 2337 1184 2400 quam
1209 2339 1330 2382 morum

309 2411 394 2476 sama
418 2409 491 2487 fuir,
517 2408 579 2472 nisi
604 2407 689 2490 quod
714 2417 800 2472 aetas
827 2418 966 2482 extrema
990 2409 1124 2474 multum
1148 2410 1242 2475 etiam
1268 2411 1331 2475 clo-

307 2504 453 2589 quentiae
473 2502 621 2588 dempsit,
644 2501 720 2568 dum
742 2501 832 2568 fessa
850 2512 954 2568 mente
975 2504 1087 2571 retinet
1108 2505 1223 2574 silentii
1243 2505 1331 2593 inpa-

308 2598 457 2665 tientiam.
559 2637 561 2642 .
886 2649 890 2656 .
1020 2628 1023 2634 ·
1096 2663 1101 2670 ,

258 2715 290 2764 53
371 2690 604 2777 AtAgrippina
610 2691 758 2776 pervicax
770 2692 834 2757 irae
848 2701 879 2756 et
891 2692 1000 2759 morbo
1013 2694 1150 2778 corporis
1163 2692 1329 2778 implicata,

307 2809 380 2852 oum
401 2786 516 2850 viseret
538 2808 607 2856 earn
631 2783 766 2864 Caesar,
789 2786 933 2871 profusis,
953 2788 1009 2852 diu
1030 2810 1067 2853 ac
1092 2810 1149 2872 per
1174 2786 1330 2852 alentium

307 2878 456 2956 lacrimis,
475 2899 549 2942 mox
565 2877 715 2942 invidiam
733 2888 764 2943 et
780 2901 889 2963 preces
907 2881 1038 2946 orditur:
1062 2881 1240 2948 subveniret
1258 2879 1330 2944 soli-

307 2971 416 3047 tudini,
431 2970 519 3034 daret
530 2968 688 3035 maritum:
708 2971 845 3038 habilem
857 2971 964 3038 adhuc.
972 2974 1131 3038 iuventam
1145 2973 1214 3050 sibi,
1227 2995 1330 3056 neque

246 3133 250 3138 ,
308 3064 393 3130 aliud
414 3061 521 3148 probis
542 3083 637 3146 quam
655 3086 695 3128 ex
711 3066 908 3130 matrimonio
931 3067 1091 3145 solatium;
1114 3088 1183 3131 esse
1205 3066 1238 3130 in
1255 3066 1330 3131 civi-

307 3167 371 3225 tate
387 3154 466 3242 [qra'
487 3158 715 3243 divaAuparro
737 3157 864 3245 ortana]
893 3157 1073 3226 Germanici
1099 3161 1266 3246 coniugem
1288 3179 1329 3225 ¹ac

306 3251 423 3318 liberos·
439 3249 505 3314 eius
522 3247 886 3336 recipercdignarentur.
910 3254 966 3318 sed
985 3253 1104 3319 Caesar
1120 3277 1184 3319 non
1200 3255 1328 3340 ignarus

307 3352 457 3428 quantum
475 3365 515 3406 ex
531 3343 703 3428 republica
715 3354 880 3430 peteretur,
897 3369 938 3412 ne
956 3356 1059 3412 tamen
1077 3347 1258 3412 offensionis
1276 3358 1330 3412 aut

306 3448 408 3503 metus
425 3437 610 3504 manifestus
629 3437 723 3516 foret,
748 3439 814 3504 sine
831 3462 983 3526 responso
1005 3463 1195 3524 quamquam
1212 3440 1331 3512 instan-

307 3542 371 3599 tem
388 3532 520 3615 reliquit
532 3531 572 3600 ,id
589 3554 659 3618 ego,
678 3533 912 3618 ascriptoribus
925 3535 1082 3600 annalium
1094 3558 1159 3600 non
1172 3535 1329 3612 traditum,

308 3626 430 3712 repperi
451 3627 483 3690 in
505 3625 743 3699 commentariis,
757 3626 951 3712 Agrippinae
973 3629 1068 3706 filiae,
1095 3651 1175 3712 quae
1196 3628 1330 3694 Neronis

295 3719 456 3804 ’principis
473 3727 573 3784 mater
589 3719 686 3784 vitam
704 3742 794 3784 suam
811 3730 843 3784 et
860 3743 952 3786 casus
971 3731 1097 3800 suorum
1114 3722 1247 3808 posteris
1265 3744 1331 3786 me·

257 3833 290 3880 54
306 3813 448 3878 muravit.
471 3821 608 3877 ceterum
623 3812 757 3879 Seianus
770 3824 964 3890 maerentem¹
977 3824 1008 3880 et
1024 3815 1219 3900 inprovidam
1237 3815 1330 3880 altius

306 3906 446 3990 perculit,
464 3905 612 3970 immissis
630 3907 684 3990 qui
700 3929 757 3992 per
774 3907 910 3992 speciem
927 3908 1080 3973 amicitiae
1097 3917 1259 3972 monerent
1274 3929 1331 3992 pa-

307 4008 409 4063 ratum
431 3999 460 4063 ei
482 4022 651 4087 venenum,
674 4001 817 4072 ritandas
841 4001 940 4067 soceri
962 4004 1079 4087 epulas.
1106 4011 1200 4085 atque
1217 4001 1271 4066 illa
1289 4002 1330 4065 si-

308 4090 513 4162 mulationum
533 4095 652 4171 nescia,
675 4117 746 4160 cum
768 4104 895 4181 propter
916 4095 1136 4173 discumberet,
1159 4118 1223 4162 non
1240 4092 1330 4158 vultu

308 4193 362 4248 aut
380 4205 521 4250 sermone
539 4186 634 4266 flecti,
657 4188 760 4254 nullos
778 4189 929 4275 attingere
952 4188 1052 4267 cibos,
1075 4190 1177 4274 donec
1196 4184 1329 4255 advertit
