2760 4874
326 373 534 430 ANNALIUM
552 373 626 427 LIB.
641 374 689 430 VI.
708 374 826 428 29-32.
842 376 983 448 (ra-26.)
1080 365 1162 428 ,167

143 479 162 516 p.
174 465 214 505 ca.
225 466 257 504 aa.

141 533 329 619 prdsaverat,
349 540 552 607 exterruerat3
571 531 665 597 etiam
684 554 741 596 sua
753 530 850 596 verba
862 533 1000 601 centurio
1016 534 1163 598 saevitiae

141 628 247 712 plena,
265 635 426 707 tamquam
445 624 616 709 egregium,
636 646 791 708 vocesque
809 625 980 691 deficientis
998 627 1161 705 adiecerat,

141 720 210 804 quis
233 718 333 803 primo
353 715 585 802 [alienationem
608 718 725 782 mentis·
738 716 904 803 simulans]
928 720 1018 801 quasi
1036 742 1092 805 per
1109 721 1163 785 de-

141 813 289 884 mentiam
307 811 432 877 funesta
450 809 586 887 Tiberio,
605 833 688 888 mox,
707 811 765 876 ubi
780 834 892 897 exspes
911 812 993 877 vitae
1010 813 1080 890 fuit,
1098 837 1163 878 me-

141 907 254 970 ditatae
272 905 523 989 compositasque
543 905 626 968 diras
644 904 885 989 imprecabatur,
909 915 944 970 ut
961 908 1163 989 quemadmo-

86 1009 89 1014 ’
141 1000 217 1063 dum
229 1020 343 1062 nurum
355 996 515 1080 filiumque
530 997 633 1063 fratris
648 1007 679 1061 et
691 1008 821 1083 nepotes
835 999 1025 1083 domumque
1038 1013 1162 1064 ornnem

141 1092 288 1158 caedibus
308 1091 536 1176 complevisset,
555 1091 598 1155 ita
614 1113 731 1176 poenas
750 1092 867 1160 nomini
883 1094 1052 1178 generique
1065 1095 1163 1158 maia-

141 1207 211 1249 rum
237 1194 268 1249 et
293 1185 425 1270 posteris
452 1184 635 1248 exsolveret.
672 1184 880 1250 obturbabant
894 1187 1033 1270 ¹quidem
1057 1196 1161 1272 patres

142 1279 246 1365 specie
263 1279 451 1355 detestandi,
471 1279 526 1343 sed
543 1278 725 1363 penetrabat
741 1294 839 1364 pavor
856 1289 887 1343 et
899 1279 1080 1357 admiratio,
1100 1280 1163 1345 cal-

141 1373 239 1437 lidum
257 1372 380 1439 olimet
397 1372 539 1457 tegendis
559 1371 726 1436 sceleribus
746 1372 913 1437 obscurum
930 1373 992 1438 huc
1006 1374 1163 1439 confiden-

142 1467 203 1530 tiae
229 1466 367 1542 venisse,
394 1475 429 1529 ut
454 1475 614 1548 tamquam
640 1465 764 1531 din'rotie
789 1467 959 1551 parietibus
987 1468 1163 1532 ostenderet

141 1568 287 1644 nepotem
301 1557 360 1623 sub
371 1558 498 1623 verbere
512 1558 711 1636 centurionis,
730 1559 810 1624 inter
825 1582 985 1626 servorum
998 1559 1088 1637 ictus,
1108 1582 1162 1624 ex-

142 1665 240 1717 trema
258 1653 339 1717 vitae
357 1652 504 1731 alimenta
521 1651 637 1717 frustra
654 1663 803 1719 orantem.

204 1746 351 1810 Nondum
369 1745 396 1810 is
416 1746 503 1810 dolor
521 1745 711 1824 exoleverat,
730 1769 802 1811 cum
819 1748 859 1812 de
876 1746 1060 1834 Agrippina,
1074 1748 1162 1812 audi·
1181 1752 1208 1798 3¹

141 1850 222 1918 tum,
249 1862 343 1924 quam
365 1839 527 1905 interfecto
546 1837 662 1905 Seiano
686 1863 741 1926 spe
759 1851 964 1906 sustentatam
986 1841 1161 1926 provixisse
1175 1816 1214 1867 (ᾗ)

140 1956 219 2011 reor,
239 1943 270 1998 et
285 1944 453 2019 postquam
469 1933 547 1997 nihil
563 1934 603 1998 de
621 1935 751 1998 saevitia
762 1935 985 2012 remittebatur,
1003 1935 1162 1999 voluntate

142 2028 336 2105 exstinctam,
355 2028 416 2092 nisi
434 2027 460 2093 si
478 2027 600 2113 negatis
619 2026 773 2106 alimentis
791 2028 996 2093 adsimulatus
1014 2038 1063 2093 est
1079 2027 1161 2104 finis,

142 2121 196 2204 qui
214 2121 369 2186 videretur
387 2131 497 2206 sponte
514 2129 674 2205 sumptus:
701 2121 859 2185 enimvero
878 2120 1023 2185 Tiberius
1046 2121 1162 2186 foedis-

142 2215 229 2296 simis
240 2215 504 2280 criminationibus
520 2215 644 2291 exarsit,
659 2214 884 2299 impudicitiam
898 2237 1032 2300 arguens
1047 2223 1078 2278 et
1085 2213 1162 2276 Asi-

89 2383 93 2390 Ι
141 2308 228 2372 nium
247 2305 374 2373 Gallum
386 2309 581 2385 adulterum,
600 2308 730 2390 eiusque
748 2317 848 2373 morte
864 2308 906 2373 ad
923 2308 1060 2374 taedium
1079 2307 1160 2370 vitae

141 2403 338 2487 conpulsam3
373 2403 429 2468 sed
455 2400 633 2487 Agrippina
663 2403 755 2485 aequi
784 2402 952 2486 inpatiens,
980 2400 1161 2492 dominandi

140 2496 246 2572 avida,
265 2495 406 2562 virilibus
424 2496 506 2560 curis
525 2496 712 2561 feminarum
730 2496 805 2560 vitia
822 2506 959 2560 exuerat.
983 2495 1093 2559 eodem
1111 2493 1161 2557 die

140 2592 334 2668 defunctam,
353 2613 415 2674 quo
433 2592 558 2656 biennio
576 2601 648 2656 ante
667 2588 801 2658 Seianus
819 2613 936 2677 poenas
954 2590 1077 2666 luisset,
1096 2610 1162 2653 me-

139 2685 318 2768 moriaeque
331 2685 364 2748 id
376 2686 571 2770 prodendum
590 2685 710 2755 addidit
719 2684 847 2763 Caesar,
870 2684 1058 2767 iactavitque
1072 2682 1161 2765 quod

139 2803 202 2844 non
220 2780 332 2862 laqueo
351 2780 545 2868 strangulata
561 2801 662 2862 neque
679 2779 712 2843 in
726 2777 897 2845 Gemonias
915 2778 1053 2864 proiecta
1070 2776 1160 2841 soret.
1237 2790 1239 2794 “

139 2885 227 2939 actae
246 2874 286 2938 ob
308 2874 341 2938 id
358 2885 462 2960 grates
480 2875 701 2956 decretumque
724 2883 759 2938 ut
775 2872 1075 2957 quintumdecimum
1097 2870 1160 2935 kal.

138 2969 339 3047 Novembris,
362 2970 523 3053 utriusque
540 2970 626 3036 necis
645 2970 709 3047 die,
732 2992 789 3055 per
806 2969 907 3036 omnis
926 2991 1024 3034 annos
1043 2968 1160 3031 donum

139 3065 209 3129 lovi
226 3073 408 3129 sacraretur.

203 3157 300 3222 Haud
317 3157 415 3222 multo
432 3167 504 3243 post
518 3156 671 3223 Cocceius
684 3157 798 3233 Nerva,
817 3156 981 3220 continuus
999 3154 1157 3240 principis,
1179 3163 1211 3209 32

139 3252 240 3315 omnis
259 3251 356 3315 divini
373 3251 563 3335 humanique
585 3251 661 3315 iuris
684 3251 800 3326 sciens,
827 3250 948 3334 integro
967 3257 1064 3323 statu,
1091 3268 1159 3311 cor·
1174 3226 1215 3278 (Ἃ)

138 3367 214 3430 pore
232 3345 364 3422 inlaeso,
392 3345 545 3409 moriendi
567 3344 731 3409 consilium
753 3344 849 3428 cepit;
875 3343 960 3424 quod
982 3351 1016 3405 ut
1034 3340 1160 3404 Tiberio

138 3439 312 3524 cognitum,
332 3440 488 3516 adsidere,
515 3461 626 3503 causas
644 3437 813 3520 requirere,
837 3437 951 3501 addere
967 3456 1090 3519 preces,
1113 3433 1161 3496 sa-

138 3533 195 3597 teri
221 3544 379 3617 postremo
405 3556 502 3619 grave
524 3532 746 3609 conscientiae,
774 3553 869 3616 grave
888 3530 990 3595 famae
1017 3549 1105 3603 suae,
1133 3526 1160 3590 ei

136 3627 298 3711 proximus
322 3627 493 3691 amicorum
515 3626 608 3690 nullis
631 3626 784 3690 moriendi
803 3623 1088 3689 rationibus'vitam
1111 3619 1160 3683 fu-

136 3729 240 3805 geret:
268 3731 430 3786 aversatus
450 3743 623 3785 sermonem
641 3720 745 3784 Nerva
767 3717 985 3783 abstinentiam
1008 3714 1069 3779 cibi
1087 3736 1160 3777 con-

137 3815 246 3878 iunxit.
277 3815 419 3880 ferebant
436 3816 525 3901 gnari
547 3815 769 3904 cogitationum
791 3814 871 3889 eius,
899 3820 1013 3894 quanto
1031 3808 1159 3893 propius

136 3908 220 3973 mala
237 3910 281 3974 rei
298 3910 442 3994 publicae
460 3911 586 3986 viseret,
605 3911 652 3974 ira
669 3919 700 3972 et
716 3917 815 3985 metu,
835 3908 910 3987 dum
927 3907 1061 3992 integer,
1085 3905 1159 3967 dum

136 4005 353 4089 intemptatus,
376 4005 542 4070 honestum
560 4005 656 4068 finem
675 4001 819 4068 voluisse.

203 4097 351 4164 Ceterum
361 4098 556 4185 Agrippinae
564 4097 727 4183 pernicies,
742 4096 827 4179 quod
837 4096 889 4160 vix
899 4095 1054 4173 credibile,
1065 4094 1160 4158 Plan-
