2760 4874
320 408 362 472 30
666 411 848 469 CORNELII
864 411 996 468 TACITI

1234 514 1253 543 a.
1264 515 1285 544 u.
1296 506 1341 545 tos.

318 574 510 662 principibus
529 572 650 648 amotis,
669 580 763 653 atque
780 570 841 654 ipsi
859 580 982 655 tempus
1000 569 1067 634 fore
1085 592 1147 653 quo
1165 571 1295 636 crimina
1312 583 1343 636 et

319 669 462 735 innoxios
476 668 678 731 discerneret:
697 665 754 728 sed
767 664 870 728 Varus
888 664 952 728 fato
971 674 1002 728 et
1018 664 1050 728 vi
1063 662 1199 729 Arminii
1216 666 1342 743 cecidit3

323 763 485 850 Segestes,
509 781 700 844 quamquam
722 780 879 823 consensu
900 759 1003 844 gentis
1025 759 1059 822 in
1080 759 1197 824 bellum
1214 769 1341 836 tractus,

319 858 437 921 discors
464 854 624 930 manebat,
652 852 751 916 auctis
776 852 921 936 privatim
949 852 1042 930 odiis,
1069 854 1154 936 quod
1179 851 1360 918 Arminius

318 951 414 1014 filiam
428 949 496 1013 eius
510 949 563 1012 alii
579 956 703 1032 pactam
716 955 860 1030 rapuerat
865 970 874 1023 3
892 968 990 1031 gener
1005 946 1140 1024 invisus3
1158 947 1275 1010 inimici
1294 968 1343 1012 so·

319 1044 396 1121 ce1i3
426 1064 570 1126 quaeque
596 1042 680 1125 apud
706 1041 875 1105 concordes
902 1039 1203 1117 vinculacaritutis,
1234 1040 1343 1105 incita-

319 1146 425 1201 menta
440 1136 556 1201 irarum
575 1136 659 1220 apud
676 1134 817 1199 infensos
836 1143 932 1198 erant

270 1253 301 1299 ss
383 1230 485 1316 Igitur
503 1227 709 1294 Germanicus
728 1237 875 1311 quattuor
890 1227 1040 1313 legiones,
1059 1228 1195 1310 quinque
1214 1227 1344 1292 auxilia·

319 1325 399 1389 rium
407 1323 492 1387 milia
501 1318 1128 1402 etlumultuariascatervasGermanorum
1142 1320 1187 1384 cis
1196 1319 1343 1384 Rhenum

320 1417 487 1482 colentium
498 1415 653 1481 Caecinae
663 1415 769 1492 tradit3
779 1414 908 1478 totidem
918 1413 1067 1500 legiones,
1078 1414 1234 1498 duplicem
1243 1415 1343 1480 socio·

319 1533 390 1575 rum
403 1532 567 1573 numerum
580 1509 648 1593 ipse
661 1508 756 1584 ducit,
774 1508 940 1592 positoque
958 1508 1085 1573 castello
1100 1497 1194 1592 super
1210 1509 1344 1594 vestigia

319 1604 440 1689 paterni
456 1603 604 1688 praesidii
621 1602 654 1666 in
671 1612 776 1666 monte
795 1601 907 1666 Tauno
926 1602 1105 1686 expeditum
1124 1603 1293 1666 exercitum
1311 1604 1344 1665 in

322 1697 453 1762 Chattos
463 1696 553 1780 rapit,
563 1693 753 1779 L.Apronio
762 1696 803 1758 ad
812 1695 999 1759 munitiones
1012 1694 1132 1758 viarum
1142 1704 1172 1758 et
1180 1694 1343 1759 fluminum

318 1793 426 1856 relicto
431 1816 440 1868 ;
450 1789 729 1855 nam-rammilli
735 1788 1013 1854 caelo-siccitate
1020 1799 1051 1853 et
1061 1788 1344 1854 amnibusmodicis

319 1879 509 1949 inoffensum
517 1884 575 1948 iter
582 1892 812 1969 properaverat,
822 1882 1000 1965 imbresque
1010 1891 1042 1948 et
1056 1883 1219 1946 fluminum
1233 1894 1343 1947 auctus

319 1979 507 2065 regredienti
524 1978 751 2043 metuebantur.
779 1978 836 2041 sed
854 1976 977 2042 Chattis
999 1978 1077 2042 adeo
1095 1978 1272 2062 inprovisus
1291 1979 1346 2041 ad-

319 2073 418 2149 venit,
437 2083 485 2149 ut,
504 2073 589 2155 quod
605 2071 795 2148 imbecillum
814 2080 914 2135 aetate
932 2093 969 2136 ac
988 2093 1075 2148 sexu,
1096 2071 1201 2136 statim
1218 2080 1345 2155 captum

320 2177 374 2231 aut
391 2167 579 2230 trucidatum
597 2166 651 2243 sit3
673 2165 820 2230 iuventus
838 2164 955 2229 flumen
973 2163 1136 2230 Adranam
1157 2164 1262 2230 nando
1284 2174 1346 2230 tra·

319 2261 459 2337 miserat,
487 2260 712 2342 Romanosque
736 2268 865 2344 pontem
886 2259 1058 2344 coeptantis
1086 2258 1247 2336 arcebant3
1273 2259 1346 2322 dein

320 2356 480 2420 tormentis
500 2356 686 2442 sagittisque
698 2355 791 2439 pulsi,
810 2355 968 2439 temptatis
982 2355 1098 2419 frustra
1116 2353 1345 2428 conditionibus

319 2449 421 2533 pacis,
445 2471 517 2512 cum
534 2449 663 2532 quidam
681 2450 721 2513 ad
739 2446 962 2513 Germanicum
984 2448 1211 2534 perfugissent,
1233 2448 1347 2531 reliqui

321 2542 444 2607 omissis
462 2543 553 2628 pagis
576 2542 716 2625 vicisque
737 2543 771 2605 in
789 2542 883 2606 silvas
907 2542 1138 2628 disperguntur.
1163 2541 1283 2606 Caesar
1299 2542 1347 2606 in-

321 2658 414 2700 censo
432 2635 546 2699 Mattio
565 2674 607 2682 —
624 2636 657 2700 id
674 2636 761 2721 genti
779 2633 873 2720 caput
886 2674 928 2682 —
946 2646 1053 2722 aperta
1068 2636 1236 2721 populatus
1254 2636 1347 2700 vertit

321 2730 362 2792 ad
382 2729 543 2804 Rhenum,
566 2752 629 2793 non
651 2753 727 2794 auso
750 2730 841 2794 hoste
866 2740 957 2816 terga
978 2730 1160 2795 abeuntium
1181 2730 1345 2807 lacessere,

321 2822 406 2904 quod
422 2822 468 2885 illi
481 2822 585 2897 moris,
604 2822 746 2904 quotiens
760 2822 832 2886 astu
844 2825 945 2909 magis
963 2846 1059 2907 quam
1075 2847 1133 2908 per
1149 2824 1348 2898 formidinem

321 2915 425 2979 cessit.
453 2914 554 2978 fuerat
577 2915 699 2980 animus
719 2915 888 2981 Cheruscis
911 2918 1018 2982 iuvare
1043 2917 1190 2995 Chattos3
1214 2918 1271 2982 sed
1293 2939 1348 2981 ex·

322 3009 430 3072 terruit
444 3007 581 3072 Caecina
597 3009 660 3073 huc
677 3009 751 3074 illuc
768 3010 872 3075 ferens
891 3035 986 3088 arma,
1006 3021 1037 3075 et
1053 3011 1180 3076 Marsos
1198 3011 1347 3097 congredi

272 3127 302 3172 57
322 3124 415 3167 ausos
434 3122 583 3186 prospero
605 3103 723 3187 proelio
742 3104 891 3169 cohibuit.
918 3127 1020 3188 neque
1038 3105 1136 3169 multo
1157 3114 1230 3190 post
1251 3104 1347 3190 legati

299 3235 301 3240 .
322 3221 341 3261 a
360 3193 493 3281 Segeste
511 3206 664 3260 venerunt
681 3197 831 3261 auxilium
848 3207 971 3262 orantes
995 3198 1145 3263 adversus
1164 3198 1230 3261 vim
1246 3220 1347 3282 popu-

321 3290 447 3367 larium,
471 3313 489 3354 a
511 3290 581 3372 quis
605 3291 903 3369 circumsedebatur‚
931 3291 1080 3356 validiore
1102 3292 1187 3376 apud
1208 3313 1262 3356 eos
1285 3290 1348 3355 Ar-

322 3385 431 3462 minio,
455 3384 603 3467 quoniam
625 3384 742 3449 bellum
765 3385 929 3450 suadebat:
956 3409 1030 3450 nam
1051 3385 1206 3462 barbaris,
1230 3394 1347 3468 quanto

323 3479 393 3561 quis
411 3478 542 3542 audacia
557 3488 734 3563 promptus,
754 3488 840 3545 tanto
857 3479 959 3565 magis
977 3480 1059 3544 fidus
1077 3478 1236 3561 rebusque
1253 3479 1346 3543 motis

322 3572 424 3656 potior
440 3571 581 3636 habetur.
607 3573 771 3637 addiderat
790 3571 939 3658 Segestes
957 3573 1069 3659 legatis
1086 3573 1199 3649 filium,
1221 3572 1348 3636 nomine

326 3665 568 3752 Segimundum3
588 3668 644 3731 sed
656 3667 779 3732 iuvenis
793 3668 983 3732 conscientia
996 3666 1213 3733 cunctabatur:
1232 3666 1348 3750 quippe

324 3783 405 3824 anno
419 3782 482 3843 quo
496 3758 683 3826 Germaniae
693 3762 865 3839 descivere,
886 3761 1031 3828 sacerdos
1046 3760 1130 3845 apud
1148 3782 1235 3824 aram
1249 3759 1349 3824 Ubio-

325 3877 395 3917 rum
408 3864 529 3918 creatus
542 3865 669 3939 ruperat
680 3857 784 3934 vittas,
803 3856 956 3942 profugus
971 3857 1012 3920 ad
1028 3855 1175 3930 rebelles;
1193 3853 1347 3917 adductus

325 3955 430 4010 tamen
450 3947 484 4010 in
507 3971 596 4032 spem
618 3949 800 4014 clementiae
818 3951 980 4015 Romanae
1002 3948 1128 4035 pertulit
1144 3947 1349 4032 patris‘man-

325 4039 399 4103 data
420 4039 616 4126 benigneque
639 4054 789 4129 exceptus
812 4068 884 4109 cum
905 4041 1065 4130 praesidio
1081 4041 1237 4123 Gallicam
1258 4042 1293 4106 in
1308 4041 1349 4106 ri·

325 4153 399 4216 pam
412 4133 527 4200 missus
541 4145 598 4201 est.
618 4135 806 4204 Germanico
818 4139 952 4223 pretium
961 4139 1021 4204 fuit
1030 4145 1347 4222 convertereagmem
