2760 4874
260 366 302 430 52
612 372 795 431 CORNELII
810 373 937 429 TACITI

1173 466 1282 504 auttt.

259 535 340 612 acie,
363 532 489 598 fortuna
510 531 611 616 magis
630 552 725 613 quam
747 532 845 595 virtus
868 529 1040 595 deserebat.
1068 540 1099 594 ct
1118 527 1284 596 Germani-

258 652 314 694 cus
336 649 399 711 quo
421 626 522 712 magis
545 626 800 710 adgnosceretur,
829 627 1004 691 detraxerat
1030 626 1167 710 tegimen
1189 626 1284 711 capiti

258 722 429 805 orabatque
450 720 629 785 insisterent
654 719 816 784 caedibus:
843 719 886 783 nil
909 741 988 804 opus
1011 718 1156 803 captivis,
1184 720 1283 784 solam

257 815 499 880 internecionem
524 812 627 899 gentis
648 812 744 878 finem
769 813 852 878 bello
874 812 950 877 fore.
980 813 1106 895 iamque
1129 834 1199 877 sero
1221 812 1284 879 dici

258 909 403 975 subducit
428 930 468 972 ex
493 908 559 972 acie
585 906 741 992 legionem
766 907 917 972 faciendis
943 906 1068 972 castris:
1095 915 1216 971 ceterae
1243 907 1283 971 ad

257 1013 381 1068 noctem
406 1022 516 1068 cruore
541 1001 679 1066 hostium
710 1001 839 1066 satiatae
865 1011 946 1065 sunt
984 1000 1104 1084 equites
1134 1000 1284 1086 ambigue

257 1107 424 1161 certavere.
542 1115 545 1119 ’

207 1211 238 1256 22
320 1187 475 1253 Laudatis
488 1209 546 1272 pro
560 1187 704 1254 contione
721 1187 891 1253 victoribus
906 1185 1026 1253 Caesar
1043 1186 1220 1273 congeriem
1234 1211 1283 1252 ar-

257 1306 379 1349 morum
394 1282 522 1358 struxit,
546 1282 681 1367 superbo
699 1305 771 1346 cum
789 1283 893 1347 titulo:
916 1282 1078 1347 debellatis
1100 1283 1181 1346 inter
1197 1281 1283 1346 Rhe·

256 1399 332 1441 num
352 1375 524 1458 Albimque
546 1375 723 1441 nationibus
746 1377 917 1441 exercitum
939 1375 1058 1441 Tiberii
1076 1375 1223 1441 Caesaris
1245 1399 1284 1440 ea

250 1470 447 1535 monimenta
467 1469 564 1534 Marti
590 1479 622 1534 et
642 1470 713 1535 Iovi
739 1481 770 1535 et
791 1469 941 1558 Augusto
968 1472 1154 1536 sacravisse:
1182 1471 1222 1535 de
1248 1493 1282 1535 se

257 1565 333 1629 nihil
346 1563 473 1640 addidit,
487 1571 573 1627 metu
585 1564 721 1628 invidiae
734 1587 775 1629 an
787 1574 873 1630 ratus
887 1565 1109 1631 conscientiam
1122 1564 1197 1630 facti
1206 1564 1282 1629 satis

257 1680 336 1724 esse.
358 1680 433 1722 mox
450 1656 568 1721 bellum
584 1657 618 1721 in
634 1656 840 1744 Angrivarios
856 1656 1005 1724 Stertinio
1022 1659 1159 1736 mandat,
1177 1659 1211 1723 ni
1228 1659 1283 1722 de·

256 1752 406 1817 ditionem
418 1751 684 1836 properavissent;
699 1762 791 1836 atquc
804 1752 849 1848 illi
864 1753 1020 1837 supplices
1030 1752 1107 1818 nihil
1115 1751 1283 1817 abnuendo

257 1868 380 1909 veniam
398 1867 539 1910 omnrum
556 1867 713 1932 accepere.

207 1961 238 2008 23
321 1937 387 2004 Sed
405 1947 522 2004 aestate
539 1939 602 2004 iam
620 1940 727 2004 adulta
744 1939 904 2026 legionum
920 1941 1000 2006 aliae
1017 1942 1126 2006 itinere
1144 1941 1283 2006 terrestri

255 2035 289 2098 in
310 2032 512 2098 hibernacula
532 2034 697 2112 remissae3
723 2034 829 2119 plures
853 2034 973 2101 Cacsar
998 2035 1092 2100 classi
1117 2035 1283 2121 impositas

256 2151 313 2214 per
333 2126 451 2192 flumen
466 2126 623 2194 Amisiam
642 2126 773 2194 Oceano
795 2129 923 2194 invexit
946 2152 984 2195 ac
999 2131 1102 2215 primo
1122 2129 1282 2216 placidum

223 2248 226 2255 ·
257 2243 373 2306 aequor
389 2221 474 2286 mille
491 2221 619 2286 navium
635 2222 730 2287 remis
745 2230 882 2307 strepere
900 2232 955 2288 aut
971 2224 1050 2290 velis
1067 2223 1188 2309 inpelli:
1207 2246 1282 2288 mox

256 2326 323 2381 atro
348 2314 480 2381 nubium
505 2315 600 2402 globo
627 2316 728 2381 effusa
749 2319 883 2403 grando,
911 2318 1005 2383 simul
1024 2318 1120 2383 variis
1142 2317 1282 2400 undique

255 2409 399 2496 procellis
417 2410 526 2474 incerti
547 2410 660 2475 finctus
683 2420 882 2496 prospectum
904 2411 1055 2489 adimere,
1077 2411 1218 2498 regimen
1234 2411 1283 2476 in-

255 2497 377 2589 pedire3
403 2504 555 2588 milesque
577 2505 710 2590 pavidus
733 2514 765 2569 et
787 2528 917 2570 casuum
939 2507 1033 2570 maris
1055 2506 1183 2591 ignarus
1206 2506 1283 2569 dum

258 2596 362 2662 turbat
383 2607 495 2662 nautas
517 2598 568 2662 vel
589 2598 808 2684 intempestive
829 2599 929 2676 iuvat,
957 2598 1062 2664 officia
1082 2599 1283 2684 prudentium
1349 2648 1351 2654 .

258 2691 483 2776 corrumpebat.
502 2713 594 2757 omne
603 2691 715 2756 dehinc
725 2692 846 2757 caelum
859 2701 890 2757 et
901 2714 986 2757 mare
999 2715 1091 2758 omne
1099 2693 1132 2758 in
1141 2701 1283 2757 austrum

257 2783 364 2861 cessit,
388 2784 442 2867 qui
459 2785 586 2848 tumidis
606 2781 794 2850 Germaniae
816 2787 920 2864 terris,
943 2787 1107 2871 profundis
1126 2786 1281 2863 amnibus,

257 2877 411 2942 immenso
436 2876 566 2942 nubium
593 2887 694 2943 tractu
715 2880 837 2948 validus
860 2889 892 2944 et
912 2880 1015 2966 rigore
1036 2881 1131 2945 vicini
1158 2889 1283 2965 septen-

258 2970 366 3035 trionis
384 2970 537 3036 horridior
546 2972 656 3058 rapuit
674 2973 857 3058 disiecitque
873 2996 970 3038 naves
988 2974 1022 3038 in
1039 2983 1146 3060 aperta
1160 2972 1283 3040 Oceani

257 3072 320 3128 aut·
332 3063 451 3129 insulas
474 3065 559 3131 saxis
586 3066 726 3155 abruptis
748 3067 799 3132 vel
819 3067 1016 3153 perocculto
1040 3068 1123 3132 vada
1139 3066 1281 3132 infestas.

257 3156 371 3239 quibus
388 3158 517 3243 paulum
530 3181 686 3245 aegreque
704 3161 829 3237 vitatis,
835 3170 1004 3246 postquam
1016 3160 1158 3225 mutabat
1176 3170 1282 3226 aestus

257 3252 428 3335 eodemque
446 3275 509 3336 quo
526 3263 638 3319 ventus
655 3253 785 3332 ferebat,
802 3276 866 3318 non
883 3255 1050 3320 adhaerere
1068 3254 1200 3332 ancoris,
1219 3276 1283 3320 non

208 3324 233 3381 'l'
258 3344 422 3410 exhaurire
438 3345 644 3434 inrumpentis
662 3349 762 3413 undas
776 3357 928 3433 poterantr
947 3348 1031 3433 equi,
1049 3349 1198 3426 iumenta,
1217 3371 1283 3413 sar-

257 3439 359 3517 cinae,
390 3439 484 3504 ctiam
510 3464 598 3506 arma
621 3441 878 3527 praecipitantur,
909 3464 972 3527 quo
997 3442 1175 3513 levarentur
1201 3442 1282 3507 alvei

256 3543 419 3601 manantes
436 3556 494 3620 per
509 3535 607 3600 latera
624 3544 655 3600 et
672 3535 770 3600 fluctu
787 3546 1021 3623 superurgente.

207 3649 239 3696 24
323 3626 450 3710 Quanto
472 3628 637 3694 violentior
658 3639 761 3695 cetero
778 3630 858 3694 mari
876 3628 1024 3695 Oceanus
1047 3639 1078 3696 et
1096 3630 1283 3695 truculentia

257 3722 335 3790 caeli
360 3731 498 3806 praestat
520 3720 703 3800 Germania,
730 3732 851 3788 tantum
876 3723 930 3789 illa
955 3725 1066 3812 clades.
1086 3723 1225 3789 novitate
1251 3732 1283 3788 et

257 3815 471 3901 magnitudine
493 3817 641 3895 excessit,
668 3816 834 3883 hostilibus
861 3817 978 3883 circum
998 3818 1141 3883 litoribus
1163 3827 1218 3883 aut
1238 3817 1284 3882 ite

257 3918 347 3973 vasto
367 3905 428 3994 [et]
445 3910 610 3995 profundo,
628 3920 663 3976 ut
681 3911 824 3976 credatur
836 3912 1042 3977 novissimum
1055 3934 1093 3977 ac
1111 3912 1178 3977 sine
1191 3910 1281 3976 terris

257 4023 352 4066 mare.
375 4025 447 4087 pars
464 4004 592 4068 navium
608 4003 739 4069 haustae
753 4015 834 4082 sunt,
852 4005 957 4090 plures
976 4006 1060 4091 apud
1077 4004 1197 4071 insulas
1214 4005 1282 4070 lon-

257 4095 329 4181 gius
345 4095 421 4160 sitas
435 4095 551 4162 eiectae
565 4098 821 4181 milesquenullo
833 4099 897 4165 illic
914 4099 1076 4165 hominum
1094 4099 1180 4164 cultu
1196 4098 1294 4167 umen
