2760 4874
249 365 309 430 168
614 371 797 429 CORNELII
811 366 941 428 TAclTI

1105 473 1126 502 ι.
1135 473 1158 503 a.
1169 464 1216 504 vac.
1226 465 1271 505 sss.

246 536 347 600 cinam
369 533 471 598 traxit.
498 541 597 616 nupta
613 528 687 596 olim
702 528 761 595 Cn.
776 528 886 594 Pisum
904 538 936 593 et
951 529 1055 613 palam
1074 529 1158 596 laeta
1170 542 1272 596 morte

247 626 440 704 Gennanici,
459 649 531 690 cum
548 624 625 689 Piso
643 623 776 700 caderet,
794 622 940 707 precibus
951 621 1117 710 Augustae
1135 646 1196 689 nec
1213 624 1273 689 mi-

245 745 304 786 nus
318 720 487 785 inimicitiis
495 718 690 805 Agrippinae
704 716 835 781 defensa
848 726 927 781 erat:
946 726 981 781 nt
994 716 1101 781 odium
1119 727 1152 783 et
1168 718 1273 804 gratia

245 816 379 891 desiere,
399 815 447 878 ius
465 813 576 889 valuit,
598 812 756 897 petitaque
775 810 955 875 criminibus
973 810 1059 875 haud
1075 810 1194 897 ignotis
1214 835 1274 878 sua

244 931 341 974 manu
358 930 427 973 sera
444 907 546 992 magis
563 928 659 989 quam
675 904 819 968 inmerita
836 904 990 989 supplicia
1006 903 1166 989 persolvit.

191 1005 226 1087 ‚³3
310 1001 373 1066 Tot
394 1000 529 1066 luctibus
551 999 677 1064 funesta
697 998 822 1062 civitate
844 1020 917 1083 pars
935 997 1084 1071 maeroris
1102 998 1163 1063 fuit
1184 999 1273 1082 quod

190 1073 232 1118 Μ)
245 1096 335 1173 Iulia,
353 1094 454 1159 Drusi
471 1094 544 1168 filia,
562 1092 719 1176 quondam
737 1091 870 1156 Neronis
888 1113 980 1168 uxor,
999 1091 1147 1177 denupsit
1163 1091 1198 1155 in
1216 1091 1274 1156 do-

244 1213 330 1253 mum
348 1187 486 1253 Rubellii
503 1185 627 1262 Blandi,
646 1185 735 1250 ouius
753 1207 847 1249 avum
861 1183 1035 1263 Tiburtem,
1054 1184 1192 1269 equitem
1206 1184 1273 1250 Ro-

244 1306 375 1348 manum
389 1274 528 1368 plerique
547 1280 759 1344 meminerant.

308 1376 460 1440 Extremo
478 1374 551 1439 anui
568 1397 652 1439 mors
670 1372 755 1437 Aelii
773 1374 906 1439 Lamiae
928 1373 1037 1439 sunere
1059 1373 1203 1439 censorio
1221 1395 1273 1438 ce·

244 1469 372 1546 lebrata,
392 1467 446 1552 qui
463 1467 725 1532 administrandae
745 1464 856 1551 Syriae
873 1467 1010 1553 imagine
1032 1467 1160 1532 tandem
1178 1489 1273 1534 exso-

244 1563 328 1628 lutus
337 1562 408 1629 urbi
416 1561 604 1647 praefuerat.
620 1583 721 1646 genus
730 1561 775 1625 illi
784 1561 940 1637 decorum,
950 1561 1056 1626 vivida
1064 1571 1227 1638 senectus3
1242 1571 1273 1626 et

244 1680 308 1721 non
320 1656 473 1741 permissa
484 1654 645 1740 provincia
655 1652 869 1740 dignationem
883 1655 1052 1720 addiderat.
1072 1655 1145 1720 exiu
1153 1654 1273 1720 Flacco

195 1762 204 1779 ⁴
244 1750 430 1834 Pomponio,
451 1746 562 1833 Syriae
579 1757 788 1833 propraetore,
807 1748 956 1813 defuncto
972 1749 1142 1813 recitantur
1151 1747 1273 1814 Caesa

244 1844 287 1908 ris
305 1844 434 1920 litterae,
452 1841 522 1924 quis
539 1840 704 1906 incusabat
721 1841 883 1927 egregium
901 1862 1056 1924 quemque
1074 1851 1106 1906 et
1122 1842 1272 1929 regendis

245 1935 432 2002 exercitibus
449 1934 597 1999 idoneum
620 1934 757 2000 abnuere
779 1935 812 2022 id
829 1957 958 2012 munus,
983 1956 1079 2018 seque
1101 1957 1140 2000 ea
1161 1957 1274 2001 neces·

190 2084 198 2098 ,
245 2030 380 2096 situdine
398 2030 438 2093 ad
456 2050 564 2114 preces
586 2028 670 2113 cogi,
697 2049 754 2112 per
775 2050 854 2112 quas
873 2029 1081 2093 consularium
1103 2029 1202 2113 aliqui
1220 2051 1273 2094 ca-

244 2146 370 2210 pessere
388 2122 563 2208 provincias
582 2123 795 2208 adigerentur,
817 2120 937 2201 oblitus
955 2121 1157 2199 Arruntium,
1178 2144 1222 2188 ne
1239 2123 1272 2187 in

245 2219 433 2305 Hispaniam
451 2227 608 2303 pergeret,
635 2216 791 2281 decimum
808 2216 872 2281 iam
890 2239 1006 2281 annum
1028 2217 1161 2282 attineri.
1192 2216 1272 2282 obiit

246 2315 357 2380 eodem
374 2335 456 2378 anno
474 2321 505 2376 et
521 2311 577 2375 Μ’.
596 2310 754 2394 Lepidus,
776 2310 816 2374 de
834 2310 923 2376 cuius
945 2310 1158 2375 moderatione
1176 2319 1271 2394 atquc
1313 2370 1317 2377 .

247 2407 399 2493 sapientia
415 2406 448 2469 in
465 2403 621 2489 prioribus
639 2403 726 2469 libris
745 2404 821 2468 satis
840 2404 1015 2482 conlocavi3
1038 2425 1140 2488 neque
1158 2403 1270 2469 nobili-

245 2515 293 2568 tas
312 2500 428 2565 diutius
446 2498 688 2563 demonstranda
705 2507 767 2562 est:
786 2498 901 2583 quippe
914 2496 1086 2562 Aemilium
1103 2520 1206 2584 genus
1225 2498 1272 2563 fe-

246 2596 384 2661 cundmn
402 2594 556 2659 bonorum
574 2593 703 2669 civium,
727 2601 757 2656 et
779 2593 834 2675 qui
851 2592 961 2661 eadem
979 2592 1099 2656 familia·
1115 2593 1270 2677 oonuptis

245 2688 398 2764 moribus,
417 2687 539 2750 inlustri
557 2696 661 2749 tamen
678 2686 805 2750 fortuna
821 2708 923 2772 egere.

196 2787 229 2834 34
288 2781 396 2845 Panno
414 2779 522 2855 Fumo,
541 2779 582 2842 L.
601 2778 746 2845 Vrramro
765 2778 946 2844 consulibus
963 2788 1036 2863 post
1052 2779 1184 2864 longum
1201 2801 1272 2844 sae-

191 2853 233 2900 ‘²⁸'
247 2874 388 2938 culorum
406 2871 557 2935 ambitum
574 2872 641 2935 avis
663 2873 801 2957 phoenix
821 2872 854 2937 in
871 2871 1055 2959 Aegyptum
1072 2871 1159 2946 venit
1170 2895 1272 2957 ,prae-

246 2968 376 3049 buitque
398 2965 557 3030 materiem
575 2965 764 3031 doctissimis
786 2967 1003 3052 indigenarum
1025 2975 1057 3030 ct
1074 2963 1270 3033 Graecorum

246 3061 345 3126 multa
363 3081 511 3143 supereo
529 3059 678 3125 miraculo
696 3060 882 3125 disserendi:
902 3062 941 3125 de
959 3060 1073 3143 quibus
1091 3071 1272 3146 congruunt

247 3165 278 3220 et
294 3154 385 3239 plura
402 3152 550 3238 ambigua
568 3154 623 3217 sed
642 3154 769 3240 cognitu
786 3177 849 3219 non
867 3154 1004 3219 absurda
1020 3175 1163 3238 promere
1181 3153 1269 3219 libet.

247 3272 370 3315 sacrum
390 3245 458 3313 Soli
475 3248 508 3310 id
525 3247 640 3311 animal
658 3257 689 3313 ct
706 3270 759 3312 ore
777 3269 821 3312 ac·
832 3249 980 3313 distinctu
996 3248 1163 3333 pinnarum
1181 3271 1201 3312 a
1219 3271 1271 3313 ce-

246 3346 319 3410 teris
338 3344 449 3415 avibus
468 3343 627 3407 diversum
645 3343 841 3409 consentiunt
858 3344 912 3427 qui
933 3344 1066 3409 formam
1089 3343 1156 3408 eius
1180 3344 1273 3408 effine

245 3461 333 3516 aere3
360 3439 399 3502 de
420 3459 550 3501 numero
572 3460 724 3501 annorum
742 3438 828 3502 varia
845 3439 1020 3503 traduntur:
1047 3438 1184 3502 maxime
1201 3438 1273 3502 vul-

246 3542 354 3618 gatum
372 3531 612 3615 quingentorum
635 3531 784 3616 spatium3
812 3540 885 3596 sunt
902 3532 956 3615 qui
978 3533 1162 3596 adseverent
1184 3532 1272 3597 mille

246 3626 491 3710 quadringentos
515 3624 678 3709 sexaginta
699 3647 798 3688 unum
818 3624 952 3702 interici,
979 3626 1160 3711 prioresque
1179 3625 1271 3695 alites

248 3718 397 3785 Sesoside
414 3718 559 3803 primum,
578 3728 651 3802 post
666 3718 819 3782 Amaside
837 3718 1083 3795 dominantibus,
1103 3718 1176 3782 dein
1193 3717 1273 3798 Pto-

245 3813 365 3877 lemaeo
384 3812 495 3895 quiex
512 3811 740 3877 Macedonibus
758 3813 866 3878 tertius
884 3812 1040 3899 regnavit,
1058 3813 1092 3876 in
1110 3812 1272 3878 civitatem

246 3909 297 3974 cui
314 3906 489 3991 Heliopolis
507 3930 622 3972 nomen
640 3907 850 3985 advolavisse,
873 3909 971 3973 multo
990 3917 1163 3973 ceterarum
1181 3909 1273 3973 volu·

246 4021 333 4066 orum
355 3999 504 4064 comitatu
526 4024 640 4065 novam
662 4001 775 4065 faciem
801 4002 988 4067 mirantium.
1021 4001 1086 4066 sed.
1099 4001 1272 4086 antiquitas

246 4093 371 4176 quidem
398 4093 545 4158 obscura:
572 4096 652 4159 inter
673 4095 889 4161 Ptolemaeum
915 4118 952 4162 ao
974 4095 1137 4160 Tiberium
1163 4095 1271 4162 minus
