2760 4874
376 335 585 394 ANNALIUM
599 335 720 391 L1B.11.
738 337 840 391 7-11.
1075 325 1116 388 47

89 433 285 582 incdowquod
302 519 365 560 non
382 493 528 560 subvexit
548 491 767 579 [transposuit]
790 492 919 558 militem
941 495 1066 560 derbes
1085 496 1117 558 in

90 606 191 660 terras
221 593 352 656 iturum:
383 590 427 653 ita
455 588 560 673 plures
587 588 654 652 dies
685 586 857 652 efficiendis
886 588 1034 672 pontibus
1061 589 1116 654 ab·

90 687 219 772 sumpti.
259 694 291 750 et
316 704 413 767 eques
439 682 566 765 quidem
592 703 629 745 ao
659 681 798 766 legiones
823 681 925 766 prima
949 685 1114 761 aestuaria,

90 782 232 848 nondum
250 779 451 844 adcrescente
468 776 563 852 unda,
581 775 726 860 intrepidi
744 776 907 840 transiere:
925 785 1116 861 postremum

91 875 278 942 auxiliorum
301 893 416 958 agmen
432 870 608 953 Batavique
634 870 667 933 in
687 878 775 954 parte
797 892 848 947 ea,
875 871 950 934 dum
967 871 1117 936 insultant

92 969 181 1054 aquis
199 976 361 1050 artemque
380 963 474 1028 nandi
492 972 661 1040 ostentant,
684 962 798 1027 turbati
821 974 852 1028 et
868 964 996 1047 quidam
1013 965 1117 1030 hausti

92 1073 173 1128 sunt.

155 1153 364 1219 ***Metanti
386 1162 488 1217 castra
513 1151 643 1216 Caesari
659 1150 919 1238 Angrivariorum
940 1153 1075 1220 defectio
1097 1180 1117 1219 a

93 1262 180 1336 tergo
198 1248 371 1314 nuntiatur:
394 1247 509 1311 missus
527 1245 599 1311 ilico
618 1244 789 1312 Stertinius
804 1268 876 1311 cum
894 1248 997 1331 equite
1019 1258 1051 1313 et
1068 1271 1116 1313 ar-

93 1354 215 1409 matura
231 1342 304 1419 levi,
322 1341 398 1427 igne
416 1350 448 1405 et
465 1340 613 1405 caedibus
630 1341 793 1426 perfidiam
809 1341 894 1408 ultus
912 1351 970 1408 est.

153 1436 291 1503 Flumen
308 1434 455 1520 Visurgis
473 1434 633 1499 Romanos
645 1433 887 1519 Cheruscosque
904 1437 1114 1518 interfluebat;
1134 1464 1148 1510 9

93 1532 158 1596 eius
189 1530 223 1593 in
247 1529 316 1613 ripa
346 1549 418 1592 cum
444 1528 554 1592 ceteris
584 1528 772 1612 primoribus
797 1528 960 1595 Arminius
986 1533 1114 1609 adstitit,

92 1623 297 1708 quaesitoque
314 1644 355 1686 an
374 1619 493 1686 Caesar
510 1621 656 1699 venisset,
671 1631 841 1709 postquam
858 1624 970 1690 adesse
986 1647 1115 1710 respon·

93 1741 162 1783 sum
181 1726 243 1794 est,
265 1726 301 1780 ut
317 1715 425 1780 liceret
442 1736 514 1779 cum
535 1714 630 1780 fratre
648 1716 793 1799 conloqui
815 1718 923 1782 oravit.
954 1728 1021 1784 erat
1037 1720 1064 1784 is
1082 1721 1115 1784 in

92 1811 245 1888 exercitu,
263 1818 470 1895 cognomento
486 1808 619 1885 Flavus,
644 1809 778 1895 insignis
795 1810 858 1874 fide
876 1820 907 1875 et
924 1812 1040 1877 amisso
1057 1835 1115 1898 per

92 1905 205 1970 vulnus
228 1902 319 1968 oculo
340 1902 450 1988 paucis
473 1913 544 1967 ante
565 1902 660 1968 annis
686 1903 765 1967 duce
788 1904 924 1969 Tiberio.
956 1915 1023 1969 tum
1044 1928 1114 1991 per-

91 1999 191 2064 missu
209 1995 249 2031 *¹*
266 2013 516 2082 progressusque
535 1996 686 2060 salutatur
704 1994 910 2076 abArmini03
929 1998 983 2080 qui
1000 1999 1113 2063 amotis

91 2090 307 2178 stipatoribus,
334 2099 370 2154 ut
387 2089 539 2175 sagittarii
560 2099 666 2154 nostra
682 2112 739 2175 pro
760 2091 828 2176 ripa
846 2092 989 2176 dispositi
1006 2092 1115 2157 absce-

91 2186 200 2251 derent
215 2183 363 2270 postulat,
382 2193 414 2248 et
429 2192 597 2268 postquam
614 2183 759 2269 digressi,
777 2185 860 2248 unde
878 2206 916 2248 ea
933 2185 1113 2249 deformitas

90 2279 152 2345 oris
174 2279 348 2363 interrogat
368 2276 505 2342 fratrem.
535 2277 590 2341 illo
606 2276 711 2341 locum
728 2286 760 2341 et
780 2276 933 2361 proelium
949 2276 1112 2353 referente,

90 2372 250 2456 quodnam
265 2370 440 2456 praemium
456 2369 627 2455 recepisset
644 2368 777 2451 exquirit
782 2394 791 2446 ;
812 2369 931 2433 Flavus
950 2378 1043 2433 aucta
1060 2370 1114 2433 sti-

89 2465 213 2551 pendia,
232 2474 375 2548 torquem
392 2472 424 2528 et
441 2485 587 2528 coronam
605 2462 727 2545 aliaque
744 2461 889 2526 militaria
901 2463 984 2526 dona
996 2484 1115 2526 memo-

89 2567 151 2637 rat,
181 2559 336 2623 inridente
352 2555 497 2622 Arminio
522 2556 597 2621 vilia
623 2555 741 2620 servitii
761 2555 870 2640 pretia.
905 2556 977 2620 exin
999 2557 1114 2620 diversi
1133 2576 1165 2622 10

89 2653 262 2729 ordiuntur,
280 2652 331 2717 hic
348 2651 595 2737 magnitudinem
611 2650 802 2727 Romanam,
821 2671 897 2734 opes
916 2648 1063 2716 Caesaris
1082 2662 1113 2716 et

89 2746 181 2810 victis
198 2767 312 2832 graves
329 2767 456 2831 poenas,
479 2745 512 2809 in
529 2744 719 2810 deditionem
740 2744 876 2809 venienti
893 2754 1034 2830 paratam
1051 2745 1113 2811 cle-

89 2839 254 2918 mentiam3
272 2860 374 2922 neque
392 2839 557 2924 coniugem
575 2847 607 2903 et
623 2838 722 2902 filium
740 2838 807 2903 eius
825 2838 978 2904 hostiliter
990 2839 1111 2905 haberi:

89 2933 141 2998 ille
167 2933 217 2998 fas
234 2934 367 3020 patriae,
393 2933 567 2998 libertatem
585 2933 714 3010 avitam,
737 2933 905 3017 penetralis
925 2931 1113 3000 Germaniae

90 3028 181 3105 deos,
209 3037 341 3092 matrem
362 3049 491 3112 precum
513 3026 645 3104 sociam3
668 3048 708 3090 ne
724 3027 969 3112 propinquorum
987 3038 1019 3094 et
1035 3029 1113 3093 adfi-

89 3121 188 3198 nium,
208 3121 342 3205 denique
359 3121 462 3206 gentis
484 3142 560 3186 suae
578 3121 718 3186 desertor
735 3131 767 3185 et
787 3121 927 3206 proditor
943 3144 1037 3205 quam
1054 3123 1113 3186 im-

89 3224 216 3300 perator
232 3236 302 3281 esse
318 3215 434 3280 mallet
456 3214 606 3300 paulatim
623 3215 696 3279 inde
718 3215 759 3279 ad
775 3215 878 3301 iurgia
894 3216 1032 3301 prolapsi
1049 3237 1112 3298 quo

89 3308 195 3372 minus
212 3329 352 3394 pugnam
374 3318 572 3373 consererent
593 3330 633 3373 ne
655 3309 783 3373 flumine
804 3310 931 3392 quidem
952 3309 1113 3373 interiecto

90 3398 330 3479 cohibebantur,
357 3402 390 3466 ni
409 3400 576 3468 Stertinius
600 3403 767 3468 adcurrens
785 3402 913 3488 plenum
929 3402 994 3466 irae
1012 3423 1113 3465 arma-

89 3515 152 3578 que
170 3503 202 3558 et
219 3516 335 3578 equum
351 3506 532 3580 poscentem
547 3496 683 3562 Flauum
704 3496 898 3561 adtinuisset.
929 3494 1113 3560 cernebatur

89 3596 200 3653 contra
223 3588 457 3655 minitabundus
483 3589 648 3656 Arminius
672 3590 888 3676 proeliumque
910 3588 1111 3665 denuntians3

88 3705 164 3747 nam
180 3682 329 3768 pleraque
342 3684 458 3750 Latino
476 3707 618 3751 sermone
635 3683 857 3762 interiaoiebat,
875 3694 911 3748 ut
928 3684 983 3767 qui
995 3684 1113 3748 Roma-

88 3777 139 3842 nis
156 3776 190 3840 in
208 3778 318 3843 castris
336 3778 446 3845 ductor
461 3781 660 3866 popularium
677 3779 851 3844 meruisset.

152 3869 287 3937 Postero
304 3872 354 3937 die
374 3870 602 3940 Germanorum
625 3876 707 3939 acies
726 3883 811 3938 trans
829 3873 994 3960 Visurgim
1016 3875 1109 3939 stetit.
1131 3890 1158 3935 11

90 3962 211 4030 Caesar
231 3965 294 4031 nisi
313 3966 461 4052 pontibus
483 3969 709 4053 praesidiisque
730 3968 872 4053 inpositis
899 3969 972 4034 dare
993 3969 1027 4033 in
1047 3970 1111 4035 dis-

89 4058 209 4124 crimen
225 4058 363 4145 legiones
385 4059 470 4125 haud
491 4061 723 4148 imperatorium
745 4074 845 4140 ratus,
873 4063 1008 4147 equitem
1030 4066 1110 4130 vado
