2760 4874
243 394 283 457 74
524 407 526 412 “
591 399 773 456 CORNELII
787 397 915 453 TAClTl

1154 499 1173 526 a.
1185 499 1205 526 ιι.
1217 491 1262 527 772.

241 564 337 629 vitam
355 560 492 646 pessima
508 567 606 622 morte
624 557 764 620 finierim.
789 556 912 638 siquos
931 578 1003 640 spes
1022 578 1120 632 meae,
1140 557 1167 620 si
1184 578 1263 639 quos

241 656 433 742 propinquus
448 652 586 738 sanguis,
606 651 699 715 etiam
713 673 791 738 quos
810 650 927 713 invidia
940 673 1015 735 erga
1027 650 1184 726 viventem
1198 674 1266 715 mo-

242 750 348 827 vebat,
370 745 608 812 inlacrimabunt
630 747 787 829 quondam
809 745 970 809 florentem
993 753 1023 809 et
1045 753 1091 808 tot
1112 743 1266 825 bellorum

243 844 440 929 superstitem
453 840 595 905 muliebri
609 839 718 903 fraude
733 839 891 902 cecidisse.
916 839 973 902 erit
985 838 1075 903 vobis
1089 839 1176 904 locus
1190 861 1267 924 que-

241 938 330 1002 rendi
343 937 427 1021 apud
440 944 592 1011 senatum,
610 933 777 998 invocandi
789 932 890 1018 leges:
909 955 972 996 non
989 932 1050 997 hoc
1063 934 1266 1018 praecipuum

242 1032 413 1097 amicorum
430 1052 543 1094 munus
561 1037 623 1105 est,
646 1027 793 1113 prosequi
811 1027 992 1090 defunctum
1009 1026 1124 1112 ignavo
1142 1039 1266 1110 questu,

243 1127 299 1190 sed
325 1147 405 1209 quae
430 1123 562 1188 voluerit
583 1121 777 1198 meminisse,
803 1143 884 1204 quae
906 1121 1100 1187 mandaverit
1122 1122 1267 1205 exsequi3

243 1219 361 1284 flebunt
382 1212 605 1283 Germanicum
622 1216 716 1280 etiam
733 1215 846 1301 ignoti:
866 1215 1062 1280 vindicabitis
1081 1238 1152 1292 vos,
1172 1215 1268 1279 sime

242 1313 459 1398 potiusquam
481 1311 638 1375 fortunam
660 1331 763 1374 meam
785 1308 949 1375 fovebatis.
977 1310 1129 1374 ostendite
1151 1309 1268 1395 populo

243 1408 386 1472 Romano
401 1405 466 1470 divi
474 1403 614 1490 Augusti
628 1413 752 1488 neptem
767 1405 960 1486 eandemque
970 1405 1135 1490 coniugem
1150 1426 1268 1480 meam3

243 1510 403 1564 numerate
422 1521 478 1563 sex
494 1498 623 1563 liberos:
641 1498 854 1562 misericordia
871 1520 943 1562 cum
961 1497 1180 1565 accusantibus
1200 1498 1267 1574 erit,

243 1591 495 1680 fingentibusque
513 1592 645 1657 scelesta
662 1593 808 1657 mandata
826 1601 883 1662 aut*
901 1614 964 1656 non
982 1594 1108 1656 credent
1125 1591 1268 1656 homines

244 1698 381 1752 autnon
406 1686 577 1772 ignoscent.
586 1690 602 1720 ‘⁶
634 1686 781 1750 luravere
808 1687 913 1762 amici,
941 1687 1082 1751 dextram
1108 1686 1268 1750 morientis

105 1836 107 1840 ,
245 1781 473 1867 contingentes,
493 1780 635 1866 spiritum
653 1791 724 1844 ante
742 1801 838 1863 quam
855 1780 1005 1847 ultionem
1023 1781 1204 1845 amissuros.

110 1883 112 1888 ’
196 1898 225 1944 73
308 1875 391 1938 Τιιιιι
410 1875 450 1938 ad
467 1896 597 1938 uxorem
614 1896 724 1939 versus
742 1879 798 1959 per
820 1875 1002 1938 memoriam
1025 1874 1087 1951 sui,
1110 1896 1168 1959 per
1185 1895 1270 1938 oom-

244 1991 353 2034 munes
371 1968 486 2033 liberos
504 1969 617 2033 oravit:
636 1977 763 2033 exueret
781 1969 938 2046 ferociam,
954 1970 1108 2033 saevienti
1126 1968 1269 2032 fortunae

246 2064 450 2130 summitteret
472 2063 609 2127 animum
627 2085 689 2128 neu
709 2085 854 2149 regressa
875 2063 908 2126 in
929 2063 1039 2128 urbem
1062 2062 1269 2127 aemulatione

244 2158 400 2244 potentiae
422 2158 586 2223 validiores
609 2158 761 2235 inritaret3
736 2157 862 2221 thaec
883 2157 986 2242 palam
1009 2167 1040 2221 et
1028 2156 1118 2222 talia
1140 2166 1268 2232 secreto,

244 2275 301 2338 per
318 2275 398 2337 quac
416 2261 466 2318 ost
454 2241 581 2317 tendere
603 2251 801 2317 credebatur
808 2260 927 2316 metum
946 2274 987 2316 ex
1004 2251 1140 2317 Tiberio.
1167 2274 1270 2335 neque

245 2347 343 2412 multo
369 2355 441 2432 post
466 2347 671 2433 extinguitur,
697 2347 817 2432 ingenti
794 2346 927 2411 tluetu
954 2346 1132 2431 provinciae
1159 2355 1190 2410 et
1212 2345 1269 2410 eir-

246 2442 485 2506 cumiacentium
507 2442 708 2526 populorum3
730 2440 890 2505 indoluere
913 2451 1037 2505 exterae
1058 2441 1201 2505 nationes
1223 2463 1271 2504 re-

246 2558 378 2622 gesque:
398 2545 484 2600 tanta
496 2537 541 2599 illi
555 2536 683 2600 comitas
697 2536 730 2598 in
748 2535 860 2612 socios,
879 2535 1086 2599 mansuetudo
1099 2535 1132 2596 in
1149 2533 1270 2610 hostes3

239 2629 379 2712 ‚visuque
398 2639 429 2693 et
447 2630 555 2693 auditu
572 2631 660 2694 iuxta
671 2628 867 2705 venerabilis,
886 2651 958 2692 eum
976 2628 1224 2712 magnitudinem
1242 2636 1272 2690 et

247 2722 432 2830 gravitatem
453 2746 596 2789 summae
614 2723 758 2787 fortunae
778 2723 937 2800 retineret,
961 2723 1110 2787 invidiam
1133 2733 1164 2786 et
1182 2723 1272 2786 adro-

245 2816 387 2901 gantiam
405 2816 569 2901 effugerat.

170 2923 229 2978 ι’3
311 2910 468 2974 F'unus
444 2933 511 2974 s1ne
532 2887 720 2996 imaginibus
744 2922 775 2975 et
796 2934 912 2998 pompa
932 2933 988 2996 per
1013 2911 1122 2976 laudes
1148 2932 1187 2974 ac
1209 2933 1273 2973 me-

248 3004 378 3071 moriam
395 3003 492 3068 virtut
492 3027 546 3068 um
568 3005 635 3070 eius
654 3004 775 3070 celebre
792 3006 920 3084 fuit3t
889 3014 920 3070 et
943 3015 1030 3070 erant
1052 3005 1105 3088 qui
1128 3004 1271 3080 formam,

248 3107 394 3174 aetatem,
418 3119 519 3183 genus
537 3099 658 3176 mortis,
683 3098 724 3163 ob
738 3100 1004 3184 propinquitatem
1022 3100 1116 3164 etiam
1133 3098 1272 3163 locorum

248 3193 281 3256 in
291 3191 406 3276 quibus
421 3193 544 3271 interiit,
563 3195 670 3280 magni
683 3193 856 3258 Alexandri
871 3194 944 3259 fatis
958 3195 1181 3278 adaequarent:
1200 3217 1273 3258 nam

248 3297 418 3371 utrumque
437 3311 566 3375 corpore
588 3291 717 3368 decore,
742 3312 856 3376 genere
877 3290 1006 3376 insigni,
1033 3290 1119 3354 haud
1141 3290 1272 3353 multum

249 3382 376 3468 triginta
402 3405 499 3447 annos
527 3406 703 3470 egressum,
731 3406 858 3449 suorum
882 3384 1005 3449 insidiis
1028 3394 1172 3449 externas
1194 3385 1274 3446 inter

249 3485 359 3562 gentes
377 3477 542 3542 occidisse:
566 3477 622 3542 sed
639 3478 722 3543 hunc
740 3479 847 3543 mitem
865 3501 941 3565 erga
961 3479 1092 3557 amicos,
1116 3479 1273 3542 modicum

250 3571 459 3655 voluptatum,
481 3594 544 3636 uno
562 3572 772 3650 matrimonio,
797 3573 889 3638 certis
906 3572 1012 3637 liberis
1031 3574 1148 3660 egisse,
1172 3593 1273 3655 neque

251 3665 354 3737 minus
371 3665 597 3750 proeliatorem,
617 3666 739 3731 etiamsi
756 3668 912 3731 temeritas
931 3666 1043 3731 afuerit
1059 3666 1274 3752 praepeditus-

251 3780 312 3842 que
331 3758 371 3822 sit
387 3759 546 3843 perculsas
561 3770 608 3825 tot
623 3761 759 3826 victoriis
775 3759 966 3829 Germanias
976 3762 1101 3827 servitio
1118 3781 1273 3846 premere3

171 3885 174 3889 ⁷
252 3853 336 3935 quod
354 3853 381 3917 si
400 3853 483 3919 solus
503 3854 617 3920 arbiter
632 3878 751 3932 rerum,
775 3855 801 3920 si
818 3856 885 3920 iure
903 3866 934 3920 et
951 3856 1075 3921 nomine
1091 3855 1180 3941 regio
1198 3854 1275 3918 fuis-

254 3956 314 4024 set,
333 3957 419 4013 tanto
436 3949 610 4035 promptius
628 3950 848 4014 adsecuturum
866 3947 1154 4036 gloriammilitiae,
1178 3970 1276 4032 qua-n-

254 4050 320 4103 tum
337 4040 514 4119 clementia,
533 4044 748 4129 temperantia,
772 4045 882 4109 ceteris
901 4043 990 4109 bonis
1009 4043 1127 4108 artibus
1145 4041 1275 4129 praesti-

254 4134 352 4199 tisset.
379 4157 491 4220 eorpus
510 4147 676 4221 antequam
694 4147 881 4203 cremaretur
902 4139 1053 4216 nudatum
1070 4137 1104 4202 in
1121 4137 1190 4202 foro
1207 4134 1287 4200 An·'
