2760 4874
379 368 585 426 ANNALIUM
602 369 676 424 LIB.
689 369 742 424 111.
758 370 878 424 63-66.
1081 359 1142 424 109

117 475 138 513 p.
150 461 190 503 cu.
200 463 233 501 rr.

118 552 175 595 suo
192 528 431 615 postscripserat
453 525 546 609 idque
567 524 620 590 ille
638 526 822 591 credebatur
843 536 878 590 ut
894 527 1024 592 inferius
1047 513 1143 594 maie-

118 633 197 690 state
214 622 377 708 principis,
401 620 489 706 gravi
508 629 539 683 et
557 621 751 685 dissimulata
773 621 945 686 offensione
968 622 1141 688 abdidisse:

87 717 89 726 '
118 718 259 784 sedtum
277 715 429 800 supplicia
447 713 494 777 dis
512 713 639 798 ludique
661 714 768 800 magni
785 714 825 779 ab
844 725 955 780 senatu
972 716 1142 780 decernun-

117 822 176 890 tur,
196 833 275 895 quos
293 810 508 896 pontificeset
524 819 705 895 augureset
722 809 957 893 quindecimviri
975 812 1142 896 septemvi-

116 907 159 971 ris
178 903 271 969 simul
289 913 320 968 et
338 901 498 968 sodalibus
515 898 746 988 Augustalibus
765 903 900 971 ederent.
924 915 1087 970 censuerat
1098 906 1140 969 L.

116 997 278 1084 Apronius
301 1006 336 1060 ut
357 996 479 1061 fetiales
506 1017 631 1080 quoque
652 996 690 1060 iis
712 996 794 1061 ludis
803 974 1042 1085 *residerem
1068 1020 1141 1063 con-

117 1092 242 1157 tradixit
264 1089 396 1168 Caesar,
424 1090 570 1154 distincto
597 1090 840 1155 sacerdotiorum
861 1091 928 1156 iure
950 1102 982 1156 et
1001 1093 1140 1177 repetitis

117 1185 282 1270 exemplis:
308 1206 411 1267 neque
434 1183 517 1248 enim
538 1205 688 1266 umquam
710 1183 868 1249 fetialibus
889 1185 960 1250 hoc'
968 1187 1140 1251 maiestatis

116 1280 229 1357 fuisse3
250 1280 322 1343 ideo
339 1277 534 1364 Augustales
552 1277 705 1354 adiectos,
728 1279 801 1361 quia
817 1281 977 1364 proprium
1000 1281 1067 1344 eius
1085 1281 1141 1345 do-

116 1390 192 1437 mus
204 1372 414 1461 sacerdotium
432 1379 516 1435 esset
532 1392 589 1455 pro
608 1392 671 1453 qua
687 1381 761 1436 vota
778 1373 1037 1457 persolverentur.

179 1467 304 1550 Exequi
322 1465 490 1530 sententias
503 1465 589 1528 haud
604 1464 725 1529 institui
741 1465 802 1530 nisi
815 1467 954 1552 insignes
972 1490 1028 1552 per
1044 1468 1140 1533 hone-
1159 1490 1191 1537 65

117 1570 198 1626 stum
212 1570 266 1625 aut
277 1559 406 1624 notabili
420 1559 581 1636 dedecore,
600 1558 685 1640 quod
696 1559 899 1645 praecipuum
912 1584 1025 1626 munus
1044 1585 1141 1626 anna
1225 1626 1231 1646 ,

115 1654 191 1718 lium
207 1676 286 1732 reor,
305 1676 345 1718 ne
362 1653 492 1717 virtutes
512 1653 669 1730 sileantur,
688 1662 785 1737 utque
802 1655 907 1739 pravis
925 1655 1016 1720 dictis
1034 1655 1141 1720 factis-

115 1770 176 1832 que
193 1770 233 1812 ex
249 1747 430 1834 posteritate
448 1756 479 1811 et
495 1746 626 1812 iufamia
643 1756 745 1812 metus
765 1747 818 1812 sit:
842 1757 979 1812 ceterum
1001 1758 1141 1834 tempora

114 1841 168 1906 illa
185 1842 262 1907 adeo
281 1841 401 1906 ¹infecta
419 1850 450 1904 et
467 1840 644 1906 adulatione
663 1841 788 1906 sordida
809 1841 897 1906 suere
914 1853 1030 1907 utnon
1047 1843 1140 1908 modo

114 1936 264 2020 primores
290 1935 442 2012 civitatis,
467 1933 581 2017 quibus
604 1934 755 1999 claritudo
779 1936 1015 2020 sua-obsequiis
1037 1947 1140 2022 prote·
1201 2004 1204 2009 Α

114 2028 218 2115 genda
235 2039 313 2106 erat,
329 2029 386 2094 sed
403 2050 511 2092 omnes
526 2029 717 2105 consulares,
736 2051 852 2114 magna
868 2052 941 2115 pars
960 2052 1068 2096 eorum
1085 2031 1139 2115 qui

113 2123 258 2208 praetura
275 2122 390 2200 fimcti,
403 2121 555 2206 multique
573 2122 804 2207 etiampodarii
822 2132 981 2188 senatores
1000 2125 1139 2189 certatim

115 2226 317 2303 exsurgerent
338 2217 493 2300 foedaque
511 2225 542 2280 et
563 2216 660 2280 nimia
682 2225 851 2280 censerent.
879 2218 1046 2282 memoriae
1068 2240 1139 2302 pro-

113 2311 197 2375 ditur
214 2311 389 2389 Tiberium,
412 2311 555 2395 quoticus
578 2311 664 2374 curia
685 2310 897 2396 egrederetur,
922 2308 1054 2376 Graecis
1070 2333 1139 2375 ver-

114 2405 163 2470 bis
178 2406 212 2470 in
224 2406 309 2470 hunc
321 2406 449 2471 modum
462 2405 567 2488 eloqui
581 2405 719 2470 solitum:
741 2427 779 2484 „o
792 2405 935 2470 homines
953 2406 994 2470 ad
1007 2405 1138 2470 servitu-

113 2509 176 2564 tem
189 2499 328 2586 paratust
337 2505 354 2535 “
374 2500 492 2658 sci&
505 2500 598 2564 etiam
610 2499 708 2576 illum,
727 2500 781 2582 qui
793 2499 966 2564 libertatem
980 2499 1137 2585 publicam

112 2590 221 2671 nollet,
234 2603 299 2670 tam
311 2595 427 2678 proice,
481 2594 681 2672 servientium
698 2594 866 2678 patientiae
882 2594 1038 2659 taedebat.
1060 2605 1138 2679 pau'·
1156 2614 1187 2662 66

112 2688 199 2755 latim
216 2688 329 2752 dehinc
346 2686 386 2752 ab
400 2689 554 2753 indecoris
573 2688 613 2752 ad
625 2687 749 2752 infesta.
757 2687 1073 2774 transgrediebantur.
1098 2685 1136 2751 C.

114 2779 270 2860 Silanum,
293 2781 512 2866 proconsulem
529 2780 642 2866 Asiae,
665 2782 908 2867 repetundarum
930 2806 949 2847 a
972 2782 1063 2849 sociis
1081 2805 1138 2867 po-

113 2877 270 2953 stulatum,
289 2875 470 2941 Mamercus
487 2874 625 2942 Scaurus
644 2898 661 2940 e
679 2876 905 2956 consularibus,
924 2876 1034 2941 Iunius
1050 2874 1137 2942 Otho

111 2981 243 3059 praetor,
257 2971 440 3035 Bruttedius
449 2968 547 3056 Niger
558 2971 668 3036 aedilis
682 2971 776 3035 simul
785 2972 954 3056 corripiunt
967 2970 1137 3036 obiectant-

113 3088 172 3149 que
198 3065 349 3130 violatum
370 3065 511 3151 Augusti
532 3088 663 3143 numen,
691 3076 827 3150 spretam
850 3066 969 3131 Tiberii
990 3066 1136 3133 maiesta-

112 3170 184 3239 tem,
203 3160 384 3226 Mamercus
399 3163 526 3245 autiqua
540 3161 683 3245 exempla
695 3161 822 3238 iaciens,
840 3162 880 3225 L.
898 3160 1052 3227 Cottama
1066 3159 1135 3230 Sci·

111 3255 203 3340 pione
225 3254 392 3334 Africano,
410 3253 564 3320 Servium
582 3253 719 3320 Galbam
737 3277 756 3318 a
775 3253 895 3319 Catone
918 3255 1073 3330 censorio,
1096 3253 1134 3318 P.

111 3349 263 3413 Rutilium
281 3373 300 3414 a
317 3349 364 3414 M.
385 3348 505 3415 Scauro
523 3359 702 3414 accusatos:
720 3348 865 3413 videlicet
876 3346 986 3433 Scipio
1004 3357 1036 3412 et
1055 3345 1135 3412 Cato

111 3443 185 3507 talia
200 3443 430 3509 ulciscebantur
447 3454 501 3509 aut
517 3445 569 3508 illc
589 3442 741 3530 Scaurus,
760 3464 854 3526 quem
871 3463 1024 3528 proavum
1043 3463 1135 3509 suum

111 3536 312 3621 obprobrium
333 3539 486 3603 maiorum
502 3537 683 3603 Mamercus
699 3528 815 3602 infami
832 3560 927 3623 opera
949 3537 1151 3602 dehoneste-¹⁴

110 3629 173 3694 hat.
204 3629 297 3696 Iunio
320 3630 440 3698 Othoni
466 3632 649 3698 litterarium
670 3632 780 3696 ludum
803 3653 946 3697 exercere
969 3639 1059 3696 vetus
1082 3654 1133 3696 ars

110 3723 183 3801 fuit,
202 3748 276 3790 mox
295 3724 402 3792 Seiani
418 3727 557 3811 potentia
575 3736 699 3792 senator
716 3724 850 3811 obscura
866 3724 954 3790 initia
970 3723 1133 3808 impuden-

110 3817 195 3882 tibus
216 3820 301 3885 ausis
327 3822 412 3895 ultro,
433 3819 602 3905 polluebat.
633 3820 831 3884 Bruttedium
853 3818 971 3887 artibus
993 3818 1131 3885 honestis

110 3911 271 3996 copiosum
289 3923 334 3992 et,
353 3914 380 3980 si
397 3924 517 3979 rectum
533 3915 592 3978 iter
607 3923 765 4000 pergeret,
789 3913 830 3978 ad
847 3912 1019 3978 clarissima
1037 3933 1132 3995 quae·

109 4027 171 4093 que
192 4006 308 4072 iturum
334 4009 491 4074 festinatio
517 4008 750 4086 exstimulabat,
777 4007 852 4072 dum
878 4006 1031 4090 aequalis,
1058 4006 1130 4072 dein

110 4101 294 4186 superiores,
308 4114 466 4189 postremo
480 4113 619 4170 suasmet
631 4103 699 4189 ipse
713 4122 786 4189 spes
799 4103 1032 4187 anteire.parat;
1046 4101 1130 4185 quod
