2760 4874
435 165 642 226 ANNALIUM
658 167 732 224 LIB.
747 167 811 225 XV.
829 169 948 224 att-33.
1136 155 1199 221 291

176 259 335 311 amm&

177 329 306 391 finitum.
326 326 398 391 dein
407 325 516 411 paucis
526 324 636 389 diebus
650 324 818 389 interiectis
832 347 948 410 magna
960 326 1116 408 utrimque
1130 348 1201 411 spe·

176 422 222 485 cie
239 422 312 485 inde
330 442 426 503 eques
440 421 701 504 compositusper
714 428 832 483 turmas
847 429 877 483 et
890 420 1068 505 insignibus
1080 421 1199 505 patriis,

175 515 249 579 hinc
263 515 390 600 agmina
403 514 563 598 leg'onum
577 522 690 577 stetere
707 512 900 598 fulgentibus
914 513 1026 595 aquilis
1040 513 1200 599 signisque

176 619 208 673 et
226 608 399 673 simulacris
418 608 511 670 deum
529 608 561 670 in
579 606 708 670 modum
726 607 977 691 templi31medio
1000 605 1135 672 tribunal
1146 629 1202 672 se·

176 702 249 765 dom
259 701 397 766 curulem
412 710 442 764 et
452 700 547 767 ⁴sedes
557 700 695 785 effigiem
704 699 837 764 Neronis
852 700 1034 777 sustinebat,
1052 700 1201 783 adquam

174 817 360 880 progressus
371 793 526 858 Tiridates
546 794 646 858 caesis
664 815 704 856 ex
721 815 807 857 more
825 793 959 857 victimis
979 793 1201 858 sublatum-ea

174 889 238 974 pite
257 888 401 952 diadema
419 887 548 973 imagini
566 887 711 964 subiecit,
735 887 858 973 magnis
876 889 961 972 apud
984 897 1112 953 cunctos
1135 887 1202 952 ani·

175 1006 297 1047 morum
315 981 467 1059 motibus,
486 1004 565 1065 quos
584 981 721 1067 augebat
737 982 831 1045 insita
848 982 950 1046 adhuc
968 983 1066 1047 oculis
1084 981 1201 1047 exerci-

59 1127 63 1137 .
175 1086 264 1139 tuum
290 1076 505 1140 Romanorum
532 1075 643 1140 caedes
671 1072 725 1139 aut
751 1075 887 1140 obsidio:
920 1085 952 1140 at
982 1098 1065 1139 nunc
1090 1097 1200 1140 versos

176 1192 268 1233 casus
274 1194 283 1246 ;
297 1171 426 1233 iturum
445 1169 607 1234 Tiridaten
624 1169 760 1234 ostentui
781 1169 942 1256 gentibus,
961 1169 1201 1254 quantominus

175 1286 269 1346 quam
288 1264 466 1349 captivum?
707 1336 710 1342 ¹
1048 1288 1051 1295 ·
1074 1321 1077 1327 .

237 1357 371 1421 Addidit
392 1358 510 1443 gloriae
530 1356 669 1423 Corbulo
691 1358 871 1423 comitatem
889 1349 1059 1445 epulasque
1065 1384 1074 1438 ;
1088 1375 1129 1423 ct
1149 1380 1201 1422 ro
1219 1378 1252 1428 30

174 1451 291 1536 gitante
317 1474 391 1537 rege
414 1474 540 1530 causas,
568 1453 712 1535 quotiens
735 1475 852 1517 novum
875 1454 992 1537 aliquid
1014 1454 1197 1529 adverterat,

173 1555 209 1607 ut
230 1545 318 1609 initia
334 1546 512 1631 vigiliarum
534 1568 591 1631 per
613 1547 825 1612 centurionem
847 1549 995 1625 nuntiari,
1023 1547 1201 1612 convivium

174 1637 287 1702 bucina
305 1639 419 1705 dimitti
433 1650 464 1703 et
478 1648 629 1704 structam
643 1651 714 1704 ante
729 1640 878 1726 augurale
892 1665 978 1705 aram
992 1641 1118 1705 subdita
1130 1640 1200 1704 face

174 1732 313 1807 accendi,
333 1741 446 1795 cuncta
462 1733 496 1795 in
514 1734 615 1797 maius
638 1734 782 1798 attollens
801 1735 1004 1799 admiratione
1021 1735 1117 1818 prisci
1132 1755 1201 1798 mo·

173 1824 216 1887 ris
235 1825 348 1888 affecit.
366 1835 492 1910 postero
511 1826 561 1897 die
580 1828 715 1911 spatium
734 1829 842 1906 oravit,
862 1838 1064 1911 quo-tantum
1080 1827 1199 1891 itineris

174 1919 313 1982 aditruus
332 1917 444 1982 fratres
463 1930 535 1984 ante
552 1931 746 2003 matremque
760 1922 891 1985 uiseret:
919 1921 1062 1986 obsidem
1082 1922 1201 1985 interea

173 2014 270 2078 filiam
288 2012 382 2076 tradit
398 2013 580 2096 litterasque
599 2015 757 2100 supplices
780 2016 821 2078 ad
837 2015 1003 2079 Neronem.
1031 2024 1062 2079 et
1079 2015 1199 2100 digres-
1218 2031 1248 2077 31

174 2132 228 2174 sus
246 2107 403 2171 Pacorum
425 2108 511 2192 apud
527 2108 653 2186 Medos,
672 2108 853 2195 Vologesen
864 2109 1036 2175 Ecbatanis
1054 2111 1198 2195 repperit,

174 2225 237 2267 non
255 2202 446 2266 incuriosum
465 2202 584 2268 fratris:
607 2205 723 2289 quippe
742 2214 774 2269 et
789 2205 923 2289 propriis
945 2204 1061 2268 nuntiis
1080 2227 1100 2268 a
1122 2203 1201 2269 Cor-

173 2296 288 2361 bulone
305 2297 446 2381 petierat,
467 2320 506 2362 ne
524 2319 620 2381 quam
637 2299 807 2384 imaginem
826 2299 943 2363 servitii
956 2298 1112 2363 Tiridates
1129 2315 1200 2382 per-

173 2391 268 2455 ferret
284 2414 347 2454 nen
365 2390 481 2455 ferrum
499 2393 634 2456 traderet
656 2403 710 2457 aut
732 2393 898 2479 complexu
919 2393 1096 2477 provincias
1119 2391 1199 2456 obti-

173 2485 492 2550 nentiumarceretur
513 2484 673 2552 foribusve
696 2510 803 2552 eorum
827 2488 1004 2564 adsisteret,
1032 2496 1199 2569 tantusque

173 2580 202 2642 oi
219 2579 340 2643 Romae
358 2590 494 2663 quantus
513 2581 695 2648 oonsulibus
712 2582 813 2647 honor
830 2592 928 2647 esset:
957 2581 1083 2647 scilieet>
1097 2589 1199 2645 exter-

173 2695 232 2736 nae
251 2673 415 2758 superbiae
434 2685 523 2740 sueto
540 2699 604 2741 non
624 2677 724 2741 inerat
745 2677 855 2741 notitia
877 2677 988 2755 nostri,
1011 2676 1096 2762 apud
1118 2697 1199 2759 quos

174 2769 220 2831 vis
238 2769 361 2853 imperii
378 2770 470 2847 valet,
490 2771 595 2836 inania
614 2773 835 2836 tramittuntur.

237 2861 360 2925 Eodem
379 2885 461 2927 anno
480 2863 600 2929 Caesar
616 2867 757 2930 nationes
775 2865 907 2950 Alpium
924 2865 1150 2928 maritimarum
1167 2863 1200 2927 in
1218 2881 1249 2927 3⁶2
1360 2925 1363 2931 .

172 2957 221 3019 ius
244 2956 331 3018 Latii
353 2958 518 3022 transtulit.
546 2961 686 3042 equitum
704 2960 918 3023 Romanorum
939 2958 1026 3024 locos
1049 2957 1198 3022 sedilibus

172 3050 273 3135 plebis
296 3053 474 3136 anteposuit
495 3055 580 3138 apud
602 3055 734 3131 circum3
752 3076 887 3136 namque
906 3054 1034 3118 adeam
1052 3053 1135 3115 diem
1152 3053 1200 3115 in-

173 3145 298 3208 discreti
316 3144 449 3222 inibant,
473 3145 617 3229 quia'lex
633 3147 751 3211 Roscia
768 3147 845 3210 nihil
862 3146 925 3210 nisi
943 3147 981 3211 de
1000 3146 1199 3230 quattuorde-

173 3239 233 3302 cim
251 3239 412 3304 ordinibus
431 3241 544 3305 sanxit.
564 3241 743 3325 spectacula
763 3241 970 3327 gladiatorum
992 3241 1077 3304 idem
1098 3261 1198 3302 annus

172 3332 294 3411 habuit,
312 3334 381 3419 pari
403 3335 635 3420 magnificentia
656 3357 693 3400 ao
709 3335 827 3420 priora3
851 3335 907 3398 sed
926 3334 1110 3398 feminarum
1129 3332 1199 3395 illu-

173 3427 282 3515 strium
302 3437 542 3512 senatorumque
560 3429 665 3513 plures
682 3451 739 3513 per
756 3451 882 3492 arenam
900 3427 1017 3492 foedati
1036 3437 1116 3491 sunt.

237 3519 275 3585 O.
297 3522 474 3598 Lincinio,
503 3522 550 3586 Μ.
574 3524 696 3588 11101110
720 3521 902 3587 consulibus
929 3521 1046 3585 acriore
1072 3520 1105 3584 in
1131 3519 1197 3585 dies
1217 3539 1248 3583 aa

173 3615 318 3697 cupidine
341 3615 528 3701 adigebatur
544 3617 628 3681 Nero
650 3616 823 3701 promiscas
842 3637 952 3680 scenas
971 3615 1197 3697 frequentandi.

172 3730 245 3772 uam
267 3709 370 3774 adhuc
391 3732 448 3794 per
469 3712 598 3775 domum
621 3721 675 3775 aut
692 3711 798 3775 hortos
821 3709 975 3774 cecinerat
995 3707 1197 3782 Iuvenalibus

172 3799 268 3878 ludis,
296 3824 376 3885 quos
402 3814 439 3867 ut
459 3827 570 3889 parum
593 3803 731 3870 celebres
758 3813 789 3868 et
820 3812 925 3868 tantae
951 3803 1021 3868 voci
1046 3812 1197 3888 angustos
1309 3850 1311 3855 -

172 3896 352 3980 spemebat3
368 3921 430 3963 non
440 3909 545 3964 tamen
554 3901 674 3966 Romae
683 3899 818 3984 incipere
828 3921 923 3964 ausus
933 3896 1097 3984 Neapolim
1107 3896 1198 3980 quasi
