2760 4874
244 398 306 463 142
360 361 367 375 ’
596 383 924 470 corbennacum

1161 506 1214 537 an.
1226 500 1272 538 7ῖ9.

241 565 531 654 primastsmplum
554 562 641 629 urbis
662 563 785 628 Romae
807 563 969 640 statuisse,
992 562 1039 627 M.
1058 561 1174 630 Porcio
1197 585 1272 630 con-

242 661 323 738 sule,
348 659 471 745 magnis
488 658 616 743 quidem
634 657 697 722 iam
714 657 823 741 populi
840 657 976 722 Romani
997 657 1107 735 rebus,
1130 659 1272 732 nondum

241 766 346 820 tamen
368 754 410 818 ad
436 775 594 831 summum
616 751 720 828 elatis,
748 760 850 816 stante
871 750 974 815 adhuc
996 749 1119 817 Punica
1139 751 1218 817 urbe
1241 762 1272 817 et

240 849 352 914 validis
374 870 432 933 per
452 845 565 918 Asiam
586 845 730 931 regibus3
754 845 847 910 simul
868 846 910 910 L.
936 842 1194 911 Sullamtestem
1216 847 1272 927 ad·

240 942 396 1019 ferebant,
419 940 606 1027 gravissimo
628 940 662 1004 in
683 939 861 1004 discrimine
884 939 1039 1008 exercitus
1057 938 1098 1005 ob
1120 940 1272 1025 asperita-

240 1046 304 1102 tem
321 1036 433 1100 hiemis
452 1044 483 1100 et
499 1034 662 1120 penuriam
679 1033 791 1111 vestis,
816 1055 888 1098 cum
906 1033 939 1097 id
957 1032 1129 1118 Zmyrnam
1145 1033 1179 1098 in
1196 1056 1271 1099 con-

240 1130 356 1196 tionem
372 1130 556 1195 mmtiatum
578 1128 672 1205 foret,
699 1149 808 1193 omnes
831 1128 885 1210 qui
907 1127 1074 1193 adstabant
1095 1127 1272 1194 detraxisse

240 1226 362 1310 corpori
384 1224 523 1310 tegmina
544 1223 721 1306 nostrisque
743 1222 919 1308 legionibus
942 1222 1076 1288 misisse.
1103 1222 1147 1287 ita
1167 1223 1271 1309 rogati

240 1319 426 1383 sententiam
447 1327 552 1403 patres
576 1316 769 1402 Zmyrnaeos
782 1317 980 1401 praetulere,
1008 1316 1191 1400 censuitque
1212 1316 1270 1381 Vi-

239 1412 310 1479 bius
329 1411 457 1477 Marsus
480 1421 516 1477 ut
533 1410 589 1475 M‘.
607 1411 747 1496 Lepido,
772 1411 823 1475 cui
845 1433 883 1475 ea
904 1410 1066 1496 provincia
1087 1409 1268 1488 obvenerat,

240 1530 335 1594 super
356 1513 521 1572 numerum
547 1506 717 1592 legaretur,
745 1506 799 1589 qui
821 1505 930 1591 templi
951 1527 1059 1570 curam
1081 1504 1269 1590 susciperet3

240 1611 271 1666 et
293 1602 376 1685 quia·
389 1600 533 1686 Lepidus
550 1601 625 1685 ‘ipse
651 1600 788 1687 deligere
809 1621 866 1685 per
887 1599 1074 1665 modestiam
1100 1598 1268 1675 abnuebat,

133 1769 136 1772 ⁴
239 1694 386 1760 Valerius
403 1693 491 1759 Naso
509 1716 526 1759 e
543 1694 707 1779 praetoriis
726 1703 809 1760 sorte
826 1694 942 1760 missus
961 1703 1018 1759 est.

189 1811 220 1857 5?
260 1814 263 1819 ·
302 1788 390 1852 Inter
415 1810 496 1870 quae
522 1788 577 1852 diu
601 1788 750 1853 meditato
776 1787 959 1873 prolatoque
980 1786 1111 1872 >saepius
1138 1786 1269 1852 consilio

239 1883 365 1950 tandem
392 1881 512 1949 Caesar
539 1880 709 1969 [concessit]
736 1883 770 1947 in
797 1880 1018 1967 Campaniam,
1051 1880 1155 1967 specie
1181 1880 1269 1945 dedi·

240 1977 331 2043 candi
353 1977 471 2063 templa
492 1977 576 2062 apud
599 1975 744 2062 Capuam
766 1975 850 2054 Iovi,
873 1977 959 2062 apud
975 1975 1090 2041 Nolam
1107 1975 1267 2061 Augusto,

240 2073 298 2138 sed
314 2081 416 2164 certus
439 2071 548 2157 procul
570 2071 646 2136 urbe
664 2071 788 2157 degere.
817 2094 946 2136 eausam
968 2069 1136 2135 abscessus
1158 2089 1268 2152 quam·

239 2189 334 2252 quam
356 2175 482 2232 secutus
504 2166 655 2251 plurimos
678 2176 841 2232 auctorum
858 2167 900 2231 ad
918 2164 1026 2230 Seiani
1048 2173 1131 2230 artes
1152 2163 1267 2239 rettuli,

239 2262 313 2345 quia
329 2270 434 2326 tamen
452 2263 548 2328 caede
570 2262 637 2326 eius
655 2270 777 2347 patrata
799 2283 855 2326 sex
876 2269 988 2346 postea
1009 2282 1108 2324 annos
1131 2257 1200 2343 pari
1217 2279 1267 2322 se-

239 2365 323 2422 creto
342 2357 516 2434 coniunxit,
540 2356 723 2442 plerumque
741 2377 925 2442 permoveor
945 2377 1022 2419 num
1038 2353 1079 2418 ad
1096 2353 1202 2438 ipsum
1219 2374 1267 2416 re-

238 2450 313 2516 ferri
326 2452 430 2517 verius
446 2451 494 2528 sit,
511 2450 672 2516 saevitiam
685 2472 721 2514 ac
735 2449 895 2514 libidinem
910 2471 982 2513 cum
995 2447 1087 2512 factis
1100 2456 1267 2532 promeret,

238 2545 316 2610 locis
342 2545 559 2610 occultantem.
591 2552 679 2609 erant
700 2544 754 2627 qui
778 2544 941 2608 crederent
963 2543 996 2605 in
1019 2549 1178 2606 senectute
1201 2562 1267 2605 cor-

238 2638 323 2721 poris
341 2659 465 2720 quoque
488 2636 629 2701 habitum
650 2637 892 2720 pudorifuisse:
916 2637 1032 2720 quippe
1053 2634 1099 2698 illi
1120 2654 1268 2719 praegra-

238 2730 306 2793 cilis
323 2739 356 2794 et
372 2732 503 2795 incurva
520 2730 703 2814 proceritas,
726 2731 830 2821 nudus
850 2730 962 2815 capillo
980 2737 1102 2806 vertex,
1124 2726 1268 2792 ulcerosa

237 2823 335 2888 facies
354 2845 391 2887 ac
408 2824 592 2909 plerumque
609 2824 868 2889 medicaminlbus
886 2821 1094 2901 interstincta3
1113 2831 1145 2887 et
1160 2821 1268 2887 Rhodi

238 2925 358 2981 secreto
380 2917 478 2980 vitare
496 2926 619 2994 coetus,
641 2918 809 2982 recondere
832 2919 1008 3003 voluptates
1029 2918 1177 2982 insuerat
1206 2926 1267 2980 tra-

238 3011 321 3075 ditur
338 3010 432 3075 etiam
449 3012 556 3075 matris
574 3010 747 3096 inpotentia
765 3022 940 3090 extrusum,
964 3035 1059 3095 quam
1082 3012 1266 3077 dominatio·

236 3105 285 3169 nis
304 3106 421 3170 sociam
438 3105 663 3190 aspernabatur
679 3128 780 3190 neque
799 3107 953 3193 depellere
970 3114 1102 3191 poterat,
1121 3127 1194 3170 cum
1212 3106 1266 3170 do-

237 3199 437 3264 minationem
451 3199 553 3284 ipsam
566 3200 683 3264 donum
696 3200 764 3265 eius
779 3201 952 3285 accepisset
957 3225 966 3278 3
980 3223 1054 3264 nam
1068 3199 1267 3264 dubitaverat

236 3291 403 3379 Augustus
414 3289 656 3383 Germanicum,
676 3294 791 3358 sororis
808 3303 953 3378 nepotem
971 3303 1003 3357 et
1020 3291 1266 3357 cunetis-lauda-

237 3397 317 3465 tum,
341 3388 386 3451 rei
403 3387 566 3453 Romanae
583 3388 757 3473 imponere,
782 3388 837 3452 sed
854 3387 1000 3473 precibus
1018 3387 1125 3452 uxoris
1144 3386 1265 3451 evictus

237 3482 365 3547 Tiberio
384 3479 621 3560 Germanicum,
646 3481 706 3547 sibi
724 3482 885 3547 Tiberium
909 3482 1056 3559 adscivit,
1083 3481 1179 3564 idque
1195 3478 1266 3544 Au-

236 3585 330 3663 gusta
348 3576 569 3662 exprobrabat,
587 3577 782 3662 reposcebat
819 3654 821 3659 ¹
919 3622 924 3628 -

187 3689 218 3738 58
300 3671 459 3738 Profectio
482 3681 549 3761 arto
575 3673 724 3738 comitatu
745 3672 819 3737 fuit:
845 3692 926 3737 unus
950 3675 1075 3737 senator
1089 3671 1265 3756 vconsulatu

236 3766 377 3844 functus,
406 3765 559 3832 Cocceius
581 3767 699 3845 Nerva,
727 3767 778 3832 eui
799 3768 909 3853 legum
927 3766 1052 3852 peritia3
1080 3787 1177 3849 eques
1199 3764 1264 3829 Ro-

236 3871 362 3939 manus,
385 3871 507 3946 praeter
527 3859 677 3934 Seianum
682 3854 703 3940 ,²
715 3883 754 3926 ex
771 3861 954 3926 inlustribus
973 3859 1103 3926 Curtius
1120 3857 1262 3933 Atticus3

237 3956 331 4018 ceteri
352 3955 537 4037 fiberalibus,
555 3956 673 4021 studiis
688 3957 833 4042 praediti,
857 3957 955 4021 ferme
978 3953 1106 4032 Graeci,
1130 3975 1263 4037 quorum

237 4039 432 4113 sermonibus
454 4045 619 4121 levaretur.
646 4050 787 4116 ferebant
808 4051 900 4137 periti
921 4047 1116 4125 caelestium,
1135 4048 1178 4112 'iis
1196 4068 1263 4110 mo-

236 4140 319 4206 tibus
347 4143 484 4207 siderum
510 4145 684 4213 excessisse
705 4145 809 4212 Roma
826 4144 993 4211 'Tiberium
1013 4153 1049 4209 ut
1073 4143 1192 4210 reditus
1217 4138 1261 4205 rllr
