2760 4874
407 415 611 471 ANNALIUII
628 415 702 469 LIB.
717 415 798 470 XIII.
817 415 903 470 3-6.
1102 405 1166 468 229

140 517 162 555 p.
174 505 214 545 cn.
225 506 257 544 sr.

139 596 212 638 nem
230 573 355 637 ultionis
374 573 499 650 afferre3
518 582 584 636 turn
603 572 736 637 formam
754 572 851 636 futuri
867 572 1058 657 principatus
1077 597 1166 659 prae·
1227 598 1230 603 ·

140 668 278 753 scripsit,
307 690 345 732 ea
366 669 502 732 maxime
523 667 697 748 declinans,
725 687 858 748 quorum
880 689 988 731 recens
1014 667 1167 753 flagrabat

138 762 269 827 invidia:
288 785 352 827 non
370 762 452 825 enim
471 783 504 826 se
522 760 718 846 negotiorum
732 760 871 825 omnium
883 760 1019 824 iudicem
1037 760 1113 839 fore,
1132 772 1167 825 ut

139 856 255 920 clausis
269 878 364 919 unam
381 856 463 920 intra
475 855 603 921 domum
616 850 849 919 accusatoribus
868 864 899 918 et
915 855 977 922 reis
994 877 1166 940 paucorum

137 950 278 1035 potentia
290 959 500 1036 grassaretur3
518 949 595 1012 nibil
607 949 640 1012 in
652 949 818 1036 penatibus
832 950 897 1014 suis
911 950 1021 1014 venale
1035 959 1088 1015 aut
1101 974 1167 1015 am·

137 1043 248 1108 bitioni
270 1044 427 1128 pervium3
451 1044 617 1108 discretam
639 1043 768 1107 domum
786 1053 816 1107 et
837 1065 905 1107 rem
925 1042 1098 1128 publieam3
1122 1054 1167 1108 te-

138 1146 227 1201 neret
244 1138 372 1221 antiqua
388 1137 495 1201 munia
513 1146 654 1215 senatus3
674 1137 836 1202 consulum
855 1136 1060 1202 tribunalibus
1074 1137 1167 1202 Italia

138 1241 170 1294 et
182 1231 327 1316 publicae
339 1231 519 1316 provinciae
533 1230 728 1308 assisterent3
746 1231 790 1294 illi
803 1240 927 1315 patrum
946 1232 1064 1295 aditum
1077 1254 1166 1316 prae-

137 1324 261 1389 berent:
281 1347 314 1390 se
332 1325 487 1388 mandatis
506 1323 693 1388 exercitibus
712 1324 935 1388 consulturum.

202 1417 270 1484 Nec
287 1418 388 1482 defuit
404 1418 498 1496 fides,
520 1417 680 1500 multaque
703 1417 829 1482 arbitrio
853 1427 980 1482 senatus
999 1419 1200 1488 constitutas

138 1521 226 1577 sunt:
244 1534 283 1576 ne
301 1512 371 1596 quis
390 1512 430 1576 ad
444 1534 572 1576 causam
585 1513 734 1576 orandam
747 1513 890 1577 mercede
908 1522 962 1577 aut
974 1513 1064 1578 donis
1083 1537 1167 1578 eme-

136 1615 238 1685 retur3
256 1628 296 1671 ne
310 1606 481 1692 designatis
496 1606 715 1688 quaestoribus
730 1607 843 1670 edendi
855 1607 1043 1692 gladiatores
1057 1629 1167 1672 neces-

137 1699 214 1765 sitas
233 1708 325 1776 esset,
344 1699 430 1784 quod
447 1699 574 1782 quidem
592 1700 778 1764 adversante
794 1701 987 1786 Agrippina,
1006 1710 1166 1784 tamquam

136 1802 208 1858 acta
226 1791 351 1858 Claudii
374 1792 639 1871 subverterentur,
663 1793 825 1859 obtinuere
847 1804 965 1879 patres,
989 1795 1093 1878 quiin
1110 1817 1166 1879 pa-
1224 1828 1230 1833 ·

136 1886 246 1952 latium
264 1886 304 1951 ob
322 1888 355 1951 id
370 1887 571 1964 vocabantur,
589 1897 625 1952 ut
642 1897 758 1953 astaret
767 1889 884 1954 additis
903 1913 922 1954 a
940 1898 1028 1975 tergo
1045 1888 1165 1955 foribus

136 1981 208 2046 velo
226 1981 373 2058 discreta,
397 1982 482 2064 quod
499 1982 601 2046 visum
620 1991 751 2060 arceret,
775 1983 901 2047 auditus
923 2006 987 2047 non
1005 1982 1164 2071 adimeret.

135 2075 212 2159 quin
231 2084 261 2139 et
278 2075 390 2161 legatis
404 2075 628 2140 Armeniorum
642 2098 771 2141 causam
788 2077 892 2162 gentis
911 2076 996 2165 apud
1008 2075 1165 2142 Neronem

136 2167 297 2233 orantibus
321 2169 489 2234 escendere
513 2180 698 2256 suggestum
718 2168 913 2254 imperatoris
937 2179 967 2234 et
988 2169 1165 2255 praesidere

134 2262 231 2329 simul
252 2262 396 2348 parabat,
423 2263 485 2328 nisi
507 2265 618 2329 ceteris
641 2286 757 2354 pavore
779 2263 890 2328 defixis
914 2261 1037 2329 Seneca
1058 2263 1166 2327 admo-

136 2357 271 2435 nuisset,
294 2358 431 2422 venienti
453 2359 545 2424 matri
567 2367 750 2423 occurreret.
777 2359 822 2423 ita
843 2358 947 2444 speeie
968 2357 1091 2444 pietatis
1110 2356 1167 2422 ob-

133 2452 222 2517 viam
238 2453 319 2516 itum
337 2452 491 2517 dedecori.

200 2546 280 2611 Fine
302 2547 376 2610 anni
397 2547 529 2612 turbidis
547 2548 725 2613 rumoribus
744 2547 925 2633 prorupisse
947 2569 1070 2610 rursum
1088 2545 1198 2612 Par-o·

136 2640 208 2706 thos
227 2650 258 2704 et
275 2640 343 2724 rapi
362 2640 547 2704 Armeniam
565 2641 693 2705 allatum
712 2650 769 2718 est,
788 2641 880 2726 pulso
899 2641 1092 2716 Radamisto,
1112 2640 1166 2724 qui

137 2756 232 2819 saepe
250 2735 339 2821 regni
357 2734 424 2799 eius
441 2735 574 2819 potitus,
593 2735 666 2798 dein
683 2735 852 2820 profugus,
871 2743 937 2798 tum
956 2755 1081 2817 quoque
1099 2733 1164 2799 bel-

136 2829 203 2893 lum
221 2829 412 2894 deseruerat.
433 2829 529 2914 igitur
544 2829 579 2893 in
596 2827 674 2893 urbe
693 2850 872 2894 sermonum
890 2829 995 2906 avida,
1016 2829 1165 2911 quemad-

136 2924 266 2988 modum
278 2923 425 3008 prinoeps
438 2923 492 2987 vix
506 2923 718 3010 septendecim
732 2946 830 2989 annos
845 2946 991 3010 egressus
1007 2923 1166 3008 suscipere

137 3040 208 3082 eam
225 3017 340 3081 molem
358 3026 412 3081 aut
429 3017 612 3102 propulsare
629 3027 751 3103 posset,
770 3018 855 3101 quod
874 3016 1049 3082 subsidium
1066 3017 1100 3080 in
1117 3040 1164 3093 co,

136 3111 192 3195 qui
209 3135 229 3176 a
245 3110 364 3175 semina
380 3120 553 3196 regeretur,
577 3134 653 3175 num
675 3112 794 3197 proelia
811 3133 936 3195 quoque
955 3120 986 3175 et
1003 3110 1166 3196 obpugna-

137 3204 237 3270 tiones
260 3204 384 3269 urbium
409 3215 440 3270 et
461 3217 565 3270 cetera
587 3205 662 3270 belli
687 3229 743 3291 per
765 3206 931 3290 magistros
959 3206 1166 3270 administrari

136 3307 275 3383 possent,
294 3298 514 3383 anquirebant3
532 3308 640 3364 contra
653 3300 706 3363 alii
723 3298 835 3362 melius
854 3298 996 3362 evenisse
1010 3298 1167 3361 disserunt

137 3413 233 3474 quam
251 3392 279 3455 si
295 3392 451 3456 invalidus
470 3401 597 3456 senecta
615 3401 645 3456 et
663 3392 790 3476 ignavia
808 3390 962 3455 Claudius
979 3391 1107 3455 militiae
1125 3391 1165 3454 ad

137 3483 260 3548 labores
278 3494 455 3562 vocaretur,
480 3486 645 3550 servilibus
664 3486 759 3553 iussis
778 3484 1062 3570 obtemperaturns:
1085 3483 1166 3547 Bur-

136 3601 208 3642 rum
222 3588 327 3643 tamen
341 3588 372 3645 et
387 3577 541 3645 Senecam
555 3580 722 3644 multarum
737 3601 842 3643 rerum
856 3578 1047 3664 experientia
1058 3578 1168 3663 *cogni-

137 3682 202 3751 t0s;
225 3682 257 3737 et
273 3673 451 3758 imperatori
469 3684 621 3757 quantum
644 3675 684 3738 ad
702 3672 798 3738 robur
815 3673 940 3750 deesse,
965 3693 1037 3735 eum
1055 3671 1166 3735 obtavo

137 3768 259 3832 decimo
281 3769 391 3834 aetatis
414 3793 495 3834 anno
515 3769 574 3835 Cn.
593 3769 780 3854 Pompeius,
804 3767 1027 3832 nonodecimo
1048 3765 1167 3832 Caesar

139 3860 333 3928 Octavianus
353 3863 455 3928 civilia
477 3862 559 3928 bella
578 3862 799 3928 sustinuerint?
820 3863 972 3948 pluraque
993 3861 1026 3924 in
1044 3883 1169 3926 summa

138 3957 264 4022 fortuna
285 3957 432 4042 auspiciis
451 3967 482 4022 et
500 3957 636 4022 consiliis
660 3978 754 4039 quam
776 3956 845 4021 telis
870 3966 901 4020 et
922 3955 1066 4020 manibus
1084 3955 1165 4040 geri3
1266 3972 1270 3977 ·

138 4050 284 4115 daturum
297 4050 390 4135 plane
403 4051 634 4128 documentum,
652 4050 792 4115 honestis
807 4073 847 4114 an
866 4072 957 4114 secus
971 4049 1079 4114 amicis
1098 4060 1166 4113 ute-

136 4156 236 4222 retur,
260 4144 287 4209 si
305 4146 417 4210 ducem
439 4155 543 4213 amota
563 4146 681 4211 invidia
702 4146 878 4232 egregium,
902 4166 999 4228 quam
1022 4144 1049 4208 si
1070 4166 1166 4229 pecu-

138 4239 264 4305 niosum
282 4248 314 4304 et
330 4240 431 4325 gratia
449 4239 616 4307 subnixum
634 4262 691 4325 per
708 4239 860 4305 ambitum
877 4239 1036 4326 deligeret.
