2760 4874
426 353 632 410 ANNALIUM
648 353 723 408 LIB.
738 355 790 409 III.
807 354 927 410 49-53.
1126 344 1187 408 103

166 457 188 494 p.
198 444 238 484 cn.
249 447 281 483 rr.
292 447 324 482 aa

166 511 226 577 sibi
252 510 437 597 ambagibus
464 511 549 595 apud
575 520 718 575 senatum
739 511 906 590 incusavit,
931 534 1005 589 cum
1028 510 1202 577 extolleret'

165 607 313 692 pietatem
335 605 478 688 quamvis
496 605 635 670 modicas
658 605 807 690 principis
829 596 961 671 iniurid's
979 607 1091 671 acriter
1111 607 1188 670 ulci-

166 699 332 775 scentium,
360 699 577 782 deprecaretur
595 708 659 762 tam
676 699 854 784 praecipitis
872 699 1038 765 verborum
1054 722 1188 785 poenas:

165 792 481 876 laudaretLepidum,
496 812 597 874 neque
606 790 782 877 Agrippam
796 802 948 880 argueret.
966 793 1062 879 igitur
1069 794 1188 858 factum

166 896 292 952 senatus
310 885 488 950 consultum
509 909 549 949 ne
567 885 692 951 decreta
712 896 835 971 patrum
854 888 1025 952 antediem
1044 889 1189 952 mamam

166 982 207 1046 ad
232 979 609 1044 seranumrdeferrentur
639 980 733 1062 idque
759 981 842 1065 vitae
872 981 1008 1066 spatium
1034 981 1188 1046 damnatis

166 1083 397 1159 prorogaretur:
429 1073 486 1137 sed
512 1095 575 1137 non
601 1074 723 1138 senatui
748 1072 876 1140 libertas
902 1075 943 1139 ad
967 1074 1189 1160 paenitendum

166 1179 247 1244 erat,
264 1190 365 1251 neque
383 1166 528 1231 Tiberius
546 1167 709 1231 interiectu
726 1168 874 1253 temporis
892 1167 1102 1254 mitigabatur.

231 1261 269 1326 O.
289 1259 526 1337 Sumr'orns,·D.
545 1260 702 1324 Harmuus
720 1261 865 1326 eonsules
884 1271 1069 1346 sequuntur,
1091 1262 1190 1327 intur·
1208 1285 1239 1331 52

165 1354 258 1419 bidus
277 1354 412 1419 externis
430 1353 524 1418 rebus
542 1376 658 1431 annus,
681 1355 766 1419 domi
784 1365 930 1441 suspecta
952 1358 1116 1420 severitate
1134 1357 1189 1442 ad-

167 1471 291 1513 versum
309 1449 431 1525 luxum,
454 1449 509 1531 qui
525 1448 702 1512 inmensum
724 1461 907 1534 proruperat
928 1450 969 1514 ad
990 1460 1102 1514 cuncta
1119 1451 1189 1534 quis

165 1541 298 1626 pecunia
310 1542 493 1627 prodigitur.
517 1542 574 1606 sed
587 1541 648 1606 alia
666 1551 856 1626 sumptuum,
876 1543 1019 1626 quamvis
1036 1543 1188 1630 graviora,

166 1635 368 1699 dissimulatis
394 1636 578 1720 plerumque
603 1636 711 1720 pretiis
738 1635 985 1700 occultabantur:
1016 1637 1133 1701 ventris
1160 1648 1191 1700 et

165 1751 285 1814 ganeae
294 1738 420 1813 paratus
436 1728 575 1793 adsiduis
590 1728 785 1796 sermonibus
799 1730 919 1815 vulgati
931 1729 1070 1794 fecerant
1083 1753 1190 1794 curam

164 1844 204 1886 ne
221 1822 367 1906 princeps
385 1823 531 1905 antiquae
553 1822 762 1907 parsimoniae
779 1824 887 1888 durius
906 1825 1095 1902 adverteret3
1116 1847 1190 1896 nam

46 1988 49 1993 ,
165 1917 331 2000 incipiente
359 1915 396 1981 C.
425 1916 540 1981 Bibulo
568 1917 662 1981 ceteri
687 1939 812 2000 quoque
838 1919 954 1982 aediles
981 1919 1193 1986 disseruerunt

166 2010 271 2094 sperni
289 2011 513 2096 sumptuariam
527 2010 633 2096 legem
649 2011 807 2094 vetitaque
824 2011 1003 2075 utensilium
1019 2011 1119 2096 pretia
1136 2034 1191 2075 au-

164 2104 232 2189 'gen'
249 2103 283 2167 in
300 2104 366 2168 dios
384 2126 443 2169 nec
459 2104 667 2169 mediocribus
685 2105 830 2169 remediis
854 2105 921 2169 sisti
938 2127 1046 2190 posse3
1069 2115 1101 2169 et
1118 2120 1190 2169 con·
1214 2161 1216 2163 ,

166 2197 239 2263 sulti
260 2199 544 2285 patresintegrum
566 2199 600 2262 id
620 2199 781 2284 negotium
803 2199 844 2262 ad
864 2199 1036 2284 principem
1063 2198 1190 2263 distule-

165 2300 244 2356 rant
276 2292 333 2355 sed
354 2291 499 2356 Tiberius
528 2314 621 2376 saepe
647 2292 732 2376 apud
753 2314 788 2357 se
813 2292 968 2377 pensitato
989 2314 1030 2355 an
1056 2293 1190 2356 coerceri

165 2396 230 2449 tam
246 2385 394 2470 profusae
409 2387 570 2471 cupidines
583 2395 721 2471 possent,
740 2409 816 2449 num
834 2386 978 2466 coercitio
991 2385 1066 2471 plns
1085 2386 1190 2450 damni

166 2479 198 2541 in
215 2478 458 2563 rem-publicam
475 2480 584 2556 ferret,
607 2501 702 2562 quam
718 2480 900 2544 indecorum
918 2480 1090 2544 adtrectare
1107 2480 1191 2563 quod

166 2595 229 2636 non
246 2572 398 2637 obtineret
417 2573 467 2637 vel
483 2582 638 2637 retentum
655 2573 870 2659 ignominiam*
881 2583 913 2637 et
929 2570 1092 2637 infamiam
1109 2573 1191 2636 viro-
1296 2597 1302 2610 ·

166 2689 235 2730 rum
260 2666 437 2731 inlustrium
462 2677 624 2752 posceret,
651 2677 810 2752 postremo
836 2668 954 2732 litteras
981 2667 1022 2732 ad
1048 2676 1190 2731 senatum

166 2761 353 2846 composuit,
373 2784 504 2845 quarum
523 2762 676 2827 sententia
692 2761 726 2825 in
742 2761 826 2826 hunc
843 2762 972 2826 modum
990 2761 1062 2826 fuit:

231 2853 373 2933 „Ceteris
387 2855 519 2920 forsitan
531 2855 564 2918 iu
580 2855 684 2932 rebus,
702 2864 807 2940 patres
822 2855 998 2940 conscripti,
1017 2856 1118 2941 magis
1137 2878 1192 2920 ex·
1209 2877 1241 2924 53

165 2948 342 3032 pediatme
365 2971 470 3037 coram
489 2949 674 3034 interrogari
697 2960 728 3013 et
749 2949 852 3015 dicere
874 2949 949 3032 quid
972 2971 990 3013 e
1011 2971 1045 3013 re
1065 2948 1192 3034 publica

166 3063 325 3106 censeam:
352 3042 385 3106 in
406 3042 465 3106 hac
491 3042 640 3107 relatione
667 3042 808 3107 subtrahi
826 3043 942 3118 ,oculos
964 3065 1052 3107 meos
1079 3043 1190 3108 melius

167 3134 239 3210 fuit,
257 3157 297 3199 ne
315 3135 535 3200 denotantibus
553 3135 643 3201 vobis
662 3159 717 3200 ora
734 3158 771 3200 ac
789 3145 907 3199 metum
926 3135 1119 3222 singulorum
1136 3136 1191 3220 qui

166 3230 304 3314 pudendi
330 3231 422 3294 luxus
449 3241 666 3316 arguerentur,
693 3231 761 3315 ipsc
780 3228 881 3294 'etiam
908 3230 1047 3294 viderem
1073 3249 1127 3294 eos
1154 3251 1191 3295 ac

168 3323 252 3408 velut
265 3325 499 3409 deprenderem.
522 3325 607 3408 quod
626 3325 653 3389 si
665 3346 789 3388 mecum
803 3334 875 3388 ante
888 3323 946 3388 viri
961 3322 1088 3399 strenui,
1107 3321 1191 3386 aedi-

69 3488 78 3507 :
167 3416 222 3494 les,
242 3417 405 3482 consilium
418 3417 612 3492 habuissent,
631 3418 738 3482 nescio
752 3440 792 3497 au
806 3439 956 3483 suasurus
970 3415 1083 3480 fuerim
1101 3414 1192 3478 omit-

67 3538 85 3555 *
143 3516 145 3520 ’
167 3523 231 3575 tere
256 3512 360 3596 potius
383 3511 563 3598 praevalida
584 3520 615 3576 et
637 3511 744 3575 adulta
764 3510 841 3575 vitia
862 3533 957 3595 quam
979 3509 1039 3574 hoc
1060 3507 1191 3590 adsequi

167 3614 204 3668 ut
217 3604 321 3690 palam
343 3606 431 3671 fieret
452 3606 566 3689 quibus
584 3605 709 3691 flagitiis
731 3605 866 3690 impares
890 3626 1040 3669 essemus,
1069 3602 1125 3666 scd
1146 3601 1191 3666 illi

166 3700 293 3784 quidem
310 3701 414 3765 officio
431 3701 531 3765 functi
549 3710 635 3778 sunt,
659 3711 694 3764 ut
711 3708 830 3764 ceteros
847 3720 972 3783 quoque
990 3697 1190 3783 magistratus

167 3817 225 3858 sua
250 3795 357 3859 munia
382 3795 511 3880 implere
537 3795 646 3872 velim3
672 3794 749 3857 mihi
775 3802 880 3858 autom
901 3815 1003 3875 neque
1022 3791 1190 3864 honestum

167 3888 261 3953 silere
283 3912 385 3974 neque
411 3889 555 3975 proloqui
580 3890 773 3975 expeditum,
805 3889 879 3972 quia
908 3910 972 3952 non
1002 3886 1110 3952 aedilis
1137 3895 1191 3951 aut

166 3985 317 4068 praetoris
336 3995 390 4050 aut
407 3987 543 4051 consulis
557 3987 653 4071 partis
668 3985 820 4051 sustineo:
838 3984 940 4048 maius
954 3982 1071 4067 aliquid
1088 3991 1119 4046 et
1137 4003 1191 4046 ex-

167 4079 281 4145 celsius
299 4104 318 4145 a
334 4081 474 4167 principe
494 4081 683 4167 postulatum
707 4089 827 4145 etcum
848 4088 932 4144 recte
955 4078 1107 4144 factorum
1130 4076 1189 4142 sibi
