2760 4874
660 196 715 259 vt*

464 411 586 454 scamus
605 412 822 456 commatrum.
1112 404 1188 451 XXV

100 521 193 592 ipsam
211 521 333 592 denique
352 523 512 578 libertatem
528 522 639 578 amisis-
655 523 819 578 terituml⁰8
845 523 1045 578 Verumtamen
1059 519 1128 590 quid
1141 519 1189 572 ille

100 597 158 658 set,
177 607 296 661 cumque
307 607 428 660 sequens
438 597 518 646 aetas
528 591 639 645 infinita
656 593 691 645 de
709 592 805 645 futuro
823 595 950 659 tempore
969 588 1124 658 speraverit
1141 593 1191 639 aut

99 658 276 738 principatus
285 658 414 728 potentia
424 676 561 728 oppressa
570 660 638 730 quid
655 659 791 726 timuerit,
818 659 848 712 in
869 657 961 712 medio
987 657 1191 725 relinquemus;

100 726 637 796 essetmservituteultimum'vidisset,
655 727 800 796 praeteriti
809 743 875 780 vero
888 726 1022 794 temporis
1052 727 1190 777 uaeaeta·

99 794 157 848 hoc
175 811 263 847 unum
281 799 440 864 supererat,
459 801 491 847 ut
506 795 638 865 quoniam
658 803 700 848 tes
723 801 752 850 et
775 795 823 864 qui
847 793 929 864 quasi
947 742 1060 845 articuii
1077 790 1193 871 fuerin}

99 879 194 932 neque
213 863 333 916 servitus
347 862 446 932 generi
460 862 582 918 humano
596 868 637 917 to·
656 863 811 917 rectissime
829 879 892 916 eum
908 860 1086 940 perspexisse
1105 856 1219 921 manffl'

100 930 221 983 leranda
235 935 296 984 eret
309 947 402 1000 neque
416 930 581 985 immensum
589 930 638 984 'rm—
656 931 759 985 festum
769 935 825 999 est;
844 929 940 983 acnrsi
950 945 1025 982 mors
1035 926 1193 981 obstitisset

100 997 173 1066 perii
196 1013 301 1066 corpus
319 1004 394 1052 stare
412 1015 446 1053 ac
463 999 560 1053 librari
578 1000 638 1054 sine
658 999 807 1070 quominus
825 998 860 1052 de
877 996 999 1066 Augusti
1016 994 1191 1063 temporibus

100 1071 212 1120 rectore
239 1072 365 1136 poterat,
396 1075 508 1135 reperto
532 1067 639 1122 salubri
658 1068 807 1134 scriberet,
820 1065 977 1135 perfectum
986 1063 1154 1116 haberemus
1164 1065 1193 1113 et

101 1134 226 1203 quodam
232 1140 454 1204 temperamento
465 1140 493 1189 et
503 1141 639 1190 concentu
656 1136 741 1205 plane
757 1134 901 1205 egregium
915 1149 987 1201 opus
998 1130 1128 1200 trilogiae
1137 1127 1192 1182 Ae-

65 1209 69 1215 “
101 1218 148 1255 res
159 1202 226 1255 olim
237 1202 448 1271 dissociabiles‚
462 1203 639 1272 principatus
658 1205 791 1274 schyleae
807 1201 896 1255 simile
903 1242 913 1268 ‚.
925 1200 954 1254 in
965 1216 1020 1270 quo
1030 1203 1125 1267 partes
1135 1202 1192 1250 tres

101 1286 138 1323 ac
158 1269 291 1338 libertas,
318 1271 503 1325 miscerentur
521 1277 550 1326 et
572 1289 639 1325 suus
658 1279 687 1327 et
707 1271 836 1341 singulae
858 1286 910 1339 per
933 1285 964 1321 se
983 1270 1148 1321 constarent
1165 1268 1194 1317 et

103 1342 181 1391 esset
201 1337 313 1408 utrique
336 1340 416 1392 locus
440 1356 576 1410 suumque
594 1343 639 1392 ius
658 1339 824 1394 coniunctae
846 1338 913 1391 item
936 1335 1044 1405 aliquid
1060 1350 1146 1388 unum
1164 1337 1194 1386 et

103 1405 529 1460 sinealteriusdetrimento.10i
556 1408 640 1461 Hanc
658 1413 747 1462 totum
757 1404 1070 1462 efficerentNuncvero
1081 1405 1193 1455 servata

102 1473 190 1542 igitur
200 1473 318 1527 Tacitus
331 1475 451 1529 credidit
463 1474 525 1529 eius
538 1476 640 1545 princi·
659 1477 694 1531 de
699 1475 850 1528 Annalium
855 1478 963 1537 tantum
973 1469 1193 1547 etHistoriarum

103 1547 188 1664 patus
198 1540 253 1593 vim
268 1549 446 1603 sanaturum
460 1560 536 1610 esse,
557 1561 640 1613 quem
658 1544 737 1599 libris
751 1542 866 1596 dimidia
878 1541 938 1595 fere
951 1545 1045 1609 parte,
1061 1553 1194 1608 quomam

132 1625 199 1662 erva
214 1626 247 1663 ac
261 1609 400 1664 Traianus
414 1611 582 1666 auctoritate
597 1629 639 1664 se·
659 1612 796 1681 quaeduo
812 1610 924 1663 diversa
937 1625 1025 1676 opera
1039 1612 1116 1673 sunt,
1135 1620 1192 1669 uno

103 1682 187 1730 natus
209 1677 340 1731 restituta
358 1684 521 1747 gesserunt;
548 1695 582 1732 ac
599 1679 639 1733 fa·
660 1688 753 1733 tamen
778 1677 896 1731 consilio
920 1675 1108 1741 eontinentur,
1135 1689 1194 1726 non

105 1745 222 1798 tendum
248 1751 293 1799 est
318 1763 448 1815 magnam
476 1752 505 1800 et
530 1746 641 1801 felicem
660 1747 829 1801 credendum
843 1751 887 1799 est
899 1743 1090 1812 inscriptionis
1105 1741 1194 1794 diver·

103 1813 179 1866 hano
188 1830 280 1866 rerum
291 1814 535 1868 commutationem
541 1814 640 1893 fuisse,
661 1816 742 1868 sitate
760 1814 838 1868 aliud
854 1812 922 1892 quid
935 1816 1047 1881 praeter
1060 1808 1194 1863 materiae

106 1897 190 1950 quam
211 1881 446 1948 praestantissimi
465 1881 572 1951 ingenii
591 1883 641 1935 virs
660 1882 850 1936 diversitatem
867 1879 1021 1933 mdicatum
1043 1894 1119 1944 esse3
1146 1893 1194 1930 ne·

106 1953 237 2001 etentes
255 1948 303 2001 diu
321 1955 525 2018 exoptaverant
538 1958 567 2003 et
579 1968 641 2018 per·
661 1967 714 2021 qne
739 1950 832 2019 ipsum
858 1947 989 2001 Taciturn
1018 1946 1194 2015 improbasse

105 2015 211 2069 sectam
237 2016 285 2068 dili
309 2021 388 2070 enter
409 2017 560 2085 fovebant3
592 2018 641 2072 sed
660 2018 828 2087 putaverim,
843 2016 867 2070 si
883 2016 945 2086 quis
958 2015 1031 2069 forte
1045 2020 1194 2081 utrumque

40 2134 46 2143 ,
108 2083 207 2161 eadem
222 2033 485 2152 simuiultimafuit,
500 2085 529 2138 in
540 2102 596 2155 qua
606 2085 641 2139 ci·
661 2103 732 2154 opus
747 2085 910 2139 continuato
926 2081 1060 2137 librorum
1078 2097 1193 2134 numero

107 2168 182 2203 vrum
190 2151 381 2204 Romanorum
395 2159 424 2206 et
438 2153 556 2206 maxime
572 2153 641 2222 opti·
660 2154 688 2206 in
698 2168 783 2206 unum
794 2150 1069 2221 coniungerevoluit‚
1079 2150 1108 2201 id
1119 2148 1194 2217 quod

107 2218 221 2271 matium
231 2219 324 2272 studia
334 2220 493 2289 acpristina
503 2221 642 2275 libertatis
661 2222 752 2274 sinon
763 2221 864 2287 statim,
880 2225 955 2273 certe
965 2235 1022 2271 non
1032 2217 1118 2270 multo
1130 2220 1196 2282 post

106 2285 203 2365 reique
215 2284 348 2354 public'ae
363 2304 430 2342 cura
445 2304 478 2342 eo
488 2289 587 2358 vigore
601 2305 642 2342 re·
660 2290 765 2343 factum
776 2305 839 2342 esse
849 2284 1087 2340 demonstrabitur
1096 2284 1178 2338 infra.

107 2353 389 2423 vixisseviderentur,
408 2355 455 2425 qui
465 2357 642 2426 antiquorum
694 2356 753 2409 Iam
772 2372 838 2409 vero
859 2358 980 2422 quantus
994 2356 1023 2406 et
1036 2367 1120 2420 quam
1132 2367 1194 2428 per·

107 2428 265 2489 temporum
286 2422 387 2476 virtute
410 2423 488 2477 haud
509 2424 642 2494 indignus
661 2424 752 2476 fectus
767 2421 902 2475 historiae
917 2420 1080 2473 condendae
1095 2418 1195 2485 artifex

108 2495 192 2543 esset.
216 2490 533 2545 Nonesthuiuslociex
556 2492 642 2545 licere
661 2491 777 2544 Tacitus
792 2488 888 2557 fuerit,
907 2486 1031 2557 perspici
1043 2487 1127 2555 plane
1137 2501 1195 2538 non

108 2574 158 2610 cur
170 2573 225 2610 nec
240 2557 371 2612 diuturna
382 2560 508 2627 potuerit
519 2510 569 2614 ilia
583 2559 643 2613 feli·
661 2558 782 2678 poteriti
806 2556 861 2609 nisi
884 2556 1105 2609 demonstremus
1128 2569 1195 2623 quo-

108 2625 179 2678 citas
198 2641 260 2678 esse
278 2642 371 2695 neque
389 2627 486 2695 etiarn,
510 2627 643 2697 quamdiu
661 2628 745 2680 modo
784 2624 884 2694 egibus
915 2623 985 2677 artis
1017 2621 1194 2687 satisfecerit,

49 2704 53 2709 ·
107 2693 219 2762 integer
236 2693 340 2746 mansit
353 2712 443 2748 novus
457 2696 643 2766 reipublicae
662 2711 735 2765 quae
753 2700 819 2747 ante
838 2691 930 2746 omnia
948 2691 1003 2744 hoc
1016 2689 1144 2760 exigunt,
1163 2695 1196 2742 ut

109 2766 379 2830 status,magnarum
386 2762 518 2816 virtutum
528 2779 643 2834 magno·
663 2764 738 2832 quod
753 2759 931 2840 componitur
945 2776 1015 2828 opus
1028 2775 1113 2811 unum
1123 2757 1160 2810 sit
1168 2763 1197 2811 et

107 2844 224 2898 rumque
247 2828 424 2898 ingeniorum
445 2830 526 2885 ferax
543 2831 643 2898 fucrit3
662 2838 751 2885 toturn
765 2835 793 2884 et
808 2829 938 2897 simplem
957 2829 1053 2896 itaque
1068 2832 1097 2881 et
1110 2832 1196 2880 mate·

109 2901 195 2965 atque
209 2895 271 2965 ipse
285 2897 368 2951 etiam
377 2898 493 2952 Tacitus
509 2917 571 2953 cum
584 2899 643 2953 iure
661 2899 731 2952 riam
748 2915 832 2951 unam
846 2912 909 2950 esse
924 2900 1049 2974 oportet,
1068 2911 1140 2964 quae
1154 2912 1196 2948 rc-

110 2981 160 3017 suo
179 2964 216 3017 ab
231 2964 340 3019 Nervae
355 2966 528 3037 Traianique
541 2967 643 3036 princi·
662 2985 721 3021 rum
735 2972 825 3019 totum
839 2963 962 3033 aliquem
976 2963 1107 3017 ambrtum
1116 2962 1195 3015 initio

108 3037 178 3101 patu
191 3048 293 3086 novam
302 3033 514 3114 felicioremque
524 3040 644 3089 aetatem
662 3052 697 3089 ac
705 3033 762 3088 fine
772 3035 844 3088 bene
856 3033 1018 3085 conclusum
1028 3037 1057 3084 et
1066 3031 1196 3099 inpartes

110 3105 236 3179 exortam
259 3102 399 3170 crederet,
427 3103 527 3156 eximio
550 3108 645 3156 temen
663 3120 728 3156 suas
742 3107 808 3171 apte
828 3099 999 3170 descriptum
1018 3099 1196 3169 comprehen-

109 3184 237 3221 acurrnne
252 3168 373 3223 sensisse
384 3170 496 3225 videtur
504 3187 561 3225 non
571 3172 645 3224 hanc

109 3252 173 3315 ime
189 3252 271 3305 quam
284 3253 386 3292 novam
398 3239 520 3318 Roinani
537 3239 644 3307 imperii
688 3277 725 3314 108
739 3275 941 3314 Demonstravimus
952 3283 1014 3322 supra
1023 3273 1076 3322 pli,
1089 3284 1132 3312 non
1141 3273 1195 3311 adco
1221 3277 1224 3283 '

108 3310 282 3358 Iuventutem
305 3306 354 3359 sed
376 3307 519 3374 placidum
537 3312 645 3360 tantum
662 3330 731 3366 totum
745 3327 875 3365 seTacitnm
884 3326 978 3364 lactitiae
992 3325 1018 3362 de
1032 3325 1149 3363 beatissimi
1163 3335 1197 3362 sc·

111 3372 285 3426 senescentis
297 3425 301 3432 ⁵
311 3380 340 3427 et
386 3376 573 3429 uodammodo
600 3374 644 3427 fir.
663 3379 706 3417 culi
720 3381 767 3416 ortu
781 3377 877 3424 dedisse,
892 3380 971 3415 utnon
984 3377 1198 3423 simulmugnumte-

109 3457 183 3493 mum
202 3442 320 3510 gradum
342 3392 384 3496 ag
605 3442 611 3454 ⁴
663 3433 754 3468 staretur
762 3428 788 3467 de
796 3427 1017 3476 gravissimisdumnis
1027 3426 1129 3472 dolorem,
1144 3435 1197 3472 quse

396 3459 587 3514 propmquum
604 3460 645 3496 m'
663 3480 846 3529 priordominatio
855 3478 968 3523 intulerat,
983 3487 1031 3514 cum
1045 3477 1151 3524 oppressis
1164 3476 1198 3514 in-

663 3532 732 3579 geniis
742 3531 871 3578 studiisque,
886 3530 1005 3575 amissaque
1015 3537 1053 3575 spe
1062 3536 1197 3564 succrescen-

134 3580 172 3617 lot
190 3578 264 3627 Arrio.
274 3591 293 3620 e.
304 3582 323 3620 8.
337 3582 393 3622 Plin.
403 3592 452 3630 epp.
462 3582 500 3629 111,
514 3584 547 3630 20,
561 3584 594 3622 12.
613 3583 645 3620 fu·
663 3583 691 3622 tls
701 3583 748 3620 acri
758 3582 852 3620 melioris
861 3580 924 3628 pauci
934 3580 953 3616 el
959 3587 1069 3626 superesse
1075 3577 1198 3616 viderentur

109 3631 154 3668 sius
163 3630 246 3673 Plinius
255 3632 278 3670 ln
287 3634 511 3680 pancgpnrco'irsiano
521 3635 577 3672 dicto
587 3634 646 3672 illam
654 3623 656 3665 Ι
664 3635 720 3681 iique
730 3633 830 3671 diuturno
839 3632 942 3670 servitute
952 3629 1023 3674 fracti,
1038 3629 1074 3675 qui
1083 3629 1136 3676 reip.
1147 3639 1198 3666 con-

109 3681 242 3730 principatus
255 3688 364 3728 usturam,
382 3685 429 3722 slve
442 3685 511 3732 qualis
525 3689 580 3731 erat,
599 3686 645 3724 sire
664 3685 764 3723 sulercnt.
779 3679 1196 3727 Nonmirumnaquaquoduernacee.

109 3732 195 3780 qualem
213 3735 258 3770 tum
276 3733 327 3772 boui
345 3735 458 3782 optabant,
477 3737 590 3774 enarravit.
613 3737 646 3774 Ac
664 3734 764 3785 lupentio
778 3732 867 3782 imperii
880 3732 926 3782 tutu
941 3731 1044 3778 appellat3
1063 3741 1088 3768 ae
1101 3734 1198 3778 spectant

108 3782 212 3823 laterum
223 3783 324 3824 restituto
339 3789 385 3822 tum
397 3787 461 3824 etiem
471 3787 555 3834 publtce
566 3787 645 3835 templo
664 3787 712 3832 buc,
727 3795 780 3832 quac
795 3785 821 3822 dc
835 3784 866 3822 irs
880 3783 967 3820 deornm
980 3782 1035 3819 inira
1044 3791 1161 3830 exponam
1176 3786 1198 3820 et

107 3834 179 3872 dicato
188 3833 295 3873 celebrata
305 3839 344 3882 est,
354 3836 376 3874 id
384 3836 440 3883 quod
450 3838 599 3885 inscriptiones
609 3839 646 3875 de·
664 3848 711 3875 cum
721 3837 794 3883 agric.
808 3845 826 3873 c.
837 3836 856 3872 3.
871 3834 928 3872 illam
944 3833 1066 3871 felicitatem
1079 3836 1198 3881 temporum

107 3888 242 3932 mensumn
256 3885 300 3923 vid.
306 3885 539 3932 Mommsen,Bericlrte
548 3889 586 3926 der
594 3889 645 3927 idn.
664 3887 769 3934 celebret,
784 3886 860 3934 quibus
874 3885 1004 3932 principatus
1018 3894 1043 3922 ac
1057 3885 1143 3924 libertas
1157 3887 1197 3923 ml-

106 3937 180 3976 siichs.
188 3934 239 3975 Ges.
250 3936 272 3975 d.
277 3936 309 3977 W.
319 3949 339 3977 a.
351 3939 408 3976 1850.
419 3949 460 3986 pag
477 3940 552 3987 300sq.
563 3940 614 3977 item
624 3940 646 3977 in
664 3942 769 3984 sceuntur,
778 3937 911 3975 idemtamen
921 3945 1047 3984 quamquam
1055 3937 1077 3974 in
1086 3937 1198 3974 rediversa

106 3989 180 4027 turmis
194 3986 278 4026 Nervae
292 3988 425 4027 celebrantur
434 3988 536 4030 libertas
549 3989 646 4039 publicu,
664 3985 978 4038 posteascripsitflist.1v,ss.
989 3988 1044 4027 lrurtd
1055 3986 1121 4038 [cosse
1131 3987 1197 4027 liber·

105 4036 207 4084 lustr'tiu‚
223 4038 335 4090 Aequitas,
354 4044 376 4078 et
386 4037 453 4079 lisura
467 4039 523 4089 felir
537 4044 559 4079 et
571 4041 646 4079 eadem
664 4048 699 4080 rur
708 4046 728 4080 et
739 4038 821 4078 destini
831 4038 961 4082 miscentur.-
971 4039 1054 4077 otAnn.
1061 4038 1097 4083 IV,
1108 4040 1132 4077 33
1141 4040 1197 4077 mix-

104 4090 143 4129 illu
149 4087 261 4130 Scsrrrr'rrs
267 4087 292 4130 P.
298 4088 324 4130 ll.
330 4100 392 4139 quam
398 4091 483 4131 Tacitus
493 4101 577 4141 quoquo
585 4102 646 4141 prac-
664 4094 708 4130 tam
721 4092 774 4140 reip,
785 4091 873 4128 sormam
887 4089 967 4128 laudari
981 4090 1064 4128 facilius
1076 4099 1138 4138 quam
1148 4100 1197 4128 eve·

82 4192 84 4195 ¹
104 4143 166 4183 dicut
174 4139 229 4190 Agr.
239 4142 259 4180 3.
663 4144 710 4182 niro
721 4146 757 4181 aut
766 4143 886 4181 diuturnum
896 4151 943 4180 esso
952 4151 1014 4190 possc
1024 4141 1061 4180 ait.
