2760 4874
239 403 281 467 20
584 409 768 480 conuenit
781 409 913 466 mmm

1153 503 1261 541 muttit.

240 572 388 657 sexageni
402 568 552 655 singulos,
572 576 607 630 ut
623 589 786 631 numerum
805 568 1018 631 centurionum
1036 569 1262 651 adaequarent3

239 676 305 729 tum
319 663 485 729 convulsos
498 661 693 743 laniatosque
711 670 742 723 et
757 661 871 745 partim
885 661 1046 726 exanimos
1059 670 1131 726 ante
1144 661 1264 726 vallum

239 769 293 823 aut
315 759 348 822 in
370 779 493 821 amnem
511 755 658 819 Rhenum
679 754 842 838 proiciunt.
871 752 1047 839 Septimius·
1066 776 1138 819 cum
1155 756 1264 840 perfu-

239 852 338 938 gisset
360 850 400 915 ad
422 847 557 913 tribunal
577 846 773 933 pedibusque
792 845 948 912 Caecinae
970 847 1201 926 advolveretur,
1225 870 1262 913 eo

239 967 338 1028 usque
356 943 519 1029 flagitatus
536 951 585 1006 est
602 941 701 1005 donec
719 941 760 1004 ad
778 941 906 1005 exitium
927 941 1101 1007 dederetur.
1130 940 1263 1007 Cassius

240 1037 391 1115 Chaerea,
409 1059 484 1101 mox
501 1035 597 1100 caede
611 1033 649 1099 0.
665 1033 811 1100 Caesaris
824 1034 1005 1099 memoriam
1019 1036 1103 1119 apud
1142 1045 1263 1100 osteros

239 1133 384 1218 adeptus,
408 1140 475 1195 tum
497 1129 681 1193 adulescens
703 1137 735 1192 ct
757 1128 852 1192 animi
874 1127 977 1205 ferox,
999 1129 1080 1193 inter
1101 1057 1262 1195 obstantes

239 1236 270 1290 et
287 1235 422 1290 armatos
446 1224 528 1289 ferro
549 1223 633 1287 viam
654 1221 811 1307 patefecit.
834 1244 896 1286 non
918 1221 1059 1287 tribunus
1081 1222 1176 1301 ultra,
1199 1246 1264 1308 non

239 1331 410 1384 castrorum
428 1317 604 1402 praefectus
622 1317 671 1380 ius
690 1315 836 1381 obtinuit:
855 1314 988 1402 vigilias,
1008 1317 1166 1394 stationes,
1186 1320 1263 1382 etsi

238 1436 301 1497 qua
318 1412 379 1476 alia
390 1433 539 1497 praesens
558 1432 634 1474 usus
648 1409 810 1485 indixerat,
830 1409 891 1493 ipsi
908 1409 1130 1494 partiebantur.
1153 1411 1187 1475 id
1204 1411 1263 1475 mi-

238 1507 343 1571 litares
366 1505 486 1569 animos
510 1503 602 1568 altius
626 1502 870 1568 coniectantibus
888 1504 1090 1588 praecipuum
1111 1505 1262 1570 indicium

238 1599 345 1684 magni
362 1607 455 1682 atque
473 1595 667 1682 inplacabilis
686 1605 803 1674 motus,
827 1598 912 1680 quod
931 1595 1046 1682 [neque
1063 1598 1200 1685 disiecti]
1220 1600 1264 1663 nil

238 1714 409 1778 paucorum
431 1691 593 1768 instinctu,
618 1691 674 1755 sed
691 1690 807 1776 pariter
823 1691 1034 1769 ardescerent,
1058 1693 1174 1777 pariter
1192 1693 1265 1758 sile·

238 1797 319 1864 rent,
338 1794 424 1851 tanta
441 1785 627 1868 aequalitate
645 1793 677 1848 et
694 1784 881 1862 constantia,
899 1793 935 1848 ut
952 1785 1019 1871 regi
1037 1787 1189 1851 crederes.

189 1902 220 1950 aa
302 1879 427 1945 Interea
441 1877 629 1944 Germanico
646 1899 703 1964 per
716 1875 848 1956 Gallias,
866 1887 902 1943 ut
919 1879 1065 1957 diximus,
1083 1902 1197 1945 census
1212 1903 1264 1945 ac·

238 1974 363 2061 cipianti
376 1974 551 2039 excessisse
559 1971 743 2058 Augustum
757 1971 905 2037 adfertur.
928 1983 1054 2058 neptem
1067 1972 1134 2038 eins
1144 1972 1264 2062 Agrip

237 2069 344 2152 pinam
371 2068 403 2132 in
430 2067 626 2131 matrimonio
651 2067 820 2151 pluresque
846 2089 886 2130 ex
912 2090 950 2132 ea
975 2066 1090 2132 liberos
1116 2067 1262 2146 habebat,

237 2161 305 2246 ipse
323 2161 446 2238 Druso,
470 2160 566 2225 fratre
584 2159 716 2237 Tiberii,
735 2155 874 2247 genitus,
892 2159 1058 2247 Augustae
1074 2184 1187 2247 nepos,
1208 2163 1265 2227 sed

238 2255 350 2321 anxius
365 2254 494 2320 occultis
512 2255 546 2318 in
564 2276 597 2318 se
610 2254 712 2340 patrui
726 2253 876 2338 aviaeque
894 2255 983 2332 odiis,
1002 2277 1135 2339 quorum
1149 2278 1264 2321 causae

238 2349 371 2414 acriores
390 2349 463 2432 quia
476 2348 616 2432 iniquae:
633 2348 749 2432 quippe
762 2347 862 2413 Drusi
879 2372 994 2434 magna
1012 2350 1095 2434 apud
1112 2351 1265 2434 populum

238 2443 415 2509 Romanum
429 2442 588 2519 memoria,
607 2441 861 2525 credebaturque,
881 2443 907 2506 si
920 2464 1024 2506 rerum
1036 2443 1154 2527 potitus
1171 2443 1263 2521 foret,

237 2537 410 2602 libertatem
428 2537 620 2614 redditurus3
642 2536 724 2599 unde
742 2536 776 2600 iu
794 2533 1020 2601 Germanicum
1034 2538 1124 2601 favor
1141 2546 1172 2601 st
1191 2560 1264 2623 spes

238 2631 361 2706 sadem3
384 2654 457 2695 nam
478 2629 586 2694 iuveni
602 2627 693 2693 civile
715 2628 888 2715 ingenium,
912 2630 990 2693 mira
1012 2630 1141 2694 comitas
1165 2640 1197 2694 et
1218 2632 1266 2695 di-

238 2745 329 2787 versa
346 2721 385 2786 ab
400 2721 518 2786 Tiberii
532 2743 683 2798 sermone,
702 2722 800 2799 vtdtn,
819 2722 1042 2808 adrogantibus
1061 2732 1093 2786 et
1110 2722 1263 2788 obscuris.

238 2815 428 2879 accedebant
449 2814 617 2879 muliebres
635 2814 839 2892 offensiones,
861 2814 1078 2881 novercalibus
1096 2815 1210 2881 Liviae
1232 2817 1265 2880 in

126 2924 128 2931 '
237 2906 447 2994 Agrippinam
465 2907 608 2984 stimulis,
627 2916 720 2991 atque
738 2907 807 2993 ipsa
820 2907 998 2994 Agrippina
1014 2908 1108 2994 paulo
1126 2930 1265 2974 commo-

239 3003 311 3079 tior,
334 3002 395 3066 nisi
412 3002 497 3085 quod
514 3001 656 3066 castitate
675 3011 706 3067 et
723 3002 826 3067 mariti
843 3025 948 3068 amore
970 3003 1113 3087 quamvis
1131 3003 1265 3068 indomi-

238 3105 306 3161 tum
323 3096 462 3160 animum
478 3096 511 3160 in
529 3095 648 3161 bonum
665 3095 815 3162 vertebat.

188 3210 220 3257 34
303 3188 369 3256 Sed
391 3187 597 3255 Germanicus
620 3199 737 3274 quanto
761 3213 901 3256 summae
925 3193 992 3276 spei
1014 3192 1153 3277 propior,
1176 3200 1264 3256 tanto

237 3283 408 3370 impensius
429 3306 486 3369 pro
509 3283 636 3349 Tiberio
657 3284 729 3362 niti3
753 3307 850 3368 seque
867 3297 895 3351 et
916 3285 1076 3370 proximos
1100 3294 1131 3349 et
1147 3284 1265 3371 Belga-

238 3403 307 3443 rum
325 3377 465 3443 civitates
483 3378 517 3441 in
528 3378 624 3443 verba
638 3378 704 3443 eius
723 3379 835 3464 adigit:
854 3378 966 3444 dehino
980 3380 1087 3444 audito
1103 3378 1265 3464 legionum

238 3474 373 3538 tumultu
394 3473 688 3558 raptim-profectus
704 3472 816 3538 obvias
835 3483 923 3541 extra
940 3484 1042 3539 castra
1062 3472 1187 3551 habuit,
1210 3474 1265 3538 de-

237 3568 326 3633 iectis
342 3567 375 3630 in
392 3576 506 3631 terram
524 3567 621 3632 oculis
639 3567 725 3632 velut
741 3567 939 3653 paenitentia.
961 3576 1129 3652 postquam
1145 3566 1264 3631 vallum

237 3661 319 3739 iniit,
346 3660 465 3727 dissoni
491 3670 620 3744 questus
647 3660 747 3724 audiri
769 3682 912 3746 coepere3
940 3671 970 3725 et
996 3661 1124 3744 quidam
1148 3681 1265 3746 prensa

238 3776 333 3819 manu
346 3755 413 3819 eius
431 3777 487 3839 per
505 3755 642 3840 speciem
656 3755 858 3820 exosculandi
870 3755 1066 3820 inseruerunt
1084 3754 1210 3840 digitos,
1228 3763 1265 3818 ut

237 3868 337 3911 vacua
350 3847 495 3912 dentibus
509 3870 563 3913 ora
582 3848 787 3934 contingeret3
806 3847 859 3912 alii
876 3856 1004 3913 curvata
1018 3847 1105 3913 senio
1122 3847 1264 3912 membra

238 3940 452 4005 ostendebant.
480 3942 682 4008 adsistentem
699 3941 889 4018 contionem,
912 3941 987 4024 quia
1003 3940 1157 4027 permixta
1173 3940 1263 4004 vide-

237 4031 342 4109 batur,
353 4038 355 4042 ”
366 4032 525 4099 discedere
542 4036 575 4100 in
591 4033 767 4120 manipulos
783 4032 885 4098 iubetr
907 4033 953 4098 sio
970 4033 1081 4098 melius
1099 4033 1262 4098 audituros

238 4147 422 4211 responsum
427 4151 437 4205 ;
460 4128 573 4196 vexilla
589 4126 753 4215 praeferri,
772 4136 807 4193 nt
822 4126 857 4193 id
872 4127 984 4194 saltem
1001 4127 1192 4193 discerneret
1209 4147 1262 4192 so·
