2760 4874
391 390 597 465 ANNALlUll
615 391 687 444 LIB.
702 388 780 448 XlV.
800 392 919 446 34-38.
1099 381 1160 445 271

141 491 165 534 μ·
174 483 214 523 cn.
225 485 256 522 u.

140 575 204 628 cos,
223 550 277 633 qui
294 548 410 633 proeha
422 547 631 633 profligarent,
649 548 827 634 gloriaeque
841 570 948 612 eorum
966 571 1164 614 accessurum

139 645 225 729 quod
242 642 364 706 modica
382 653 492 705 manus
503 642 643 705 universi
656 642 809 706 exercitus
824 642 944 706 'famam
958 643 1165 729 adipisceren-

139 748 203 802 tur:
226 735 358 800 conferti
380 745 500 799 tantum
523 744 554 799 et
575 735 647 819 pilis
669 735 806 812 emissis,
829 746 901 820 post
923 734 1111 802 umbonibus
1134 748 1165 801 et

138 830 251 918 gladiis
267 839 403 914 stragem
417 829 607 911 eaedemque
621 829 844 907 continuarent,
862 830 997 915 praedae
1013 826 1166 895 inmemo-

138 932 203 990 res:
221 922 457 1009 partaviotoria
475 935 587 986 cuncta
604 923 681 1007 ipsis
700 944 836 987 cessura.
955 938 957 945 ’

203 1018 237 1082 Is
255 1018 347 1082 ardor
359 1014 455 1081 verba
473 1017 562 1081 ducis
577 1016 774 1100 sequebatur,
793 1017 838 1083 ita
856 1040 889 1082 se
906 1019 948 1081 ad
960 1018 1165 1101 intorquenda

139 1114 203 1199 pila
221 1112 399 1197 expedierat
417 1120 507 1175 vetus
527 1111 616 1175 miles
635 1121 667 1174 et
684 1110 782 1197 multa
799 1111 986 1196 proeliorum
1004 1113 1165 1197 experien-

139 1208 192 1284 tia,
211 1216 247 1277 ut
263 1215 366 1270 certus
385 1214 513 1269 eventus
533 1203 703 1270 Suetonius
722 1206 809 1270 daret
826 1227 951 1291 pugnae
970 1206 1104 1291 signum.
1127 1229 1164 1270 ac
1183 1229 1214 1275 37

138 1301 275 1388 primum
301 1299 384 1385 legio
406 1299 507 1384 gradu
528 1298 647 1362 inmota
669 1308 699 1362 et
722 1299 882 1384 angustias
904 1299 964 1363 loei
986 1322 1042 1384 pro
1064 1300 1166 1363 muni-

139 1404 246 1459 mento
265 1394 412 1469 retinens,
430 1401 597 1481 postquam
615 1393 743 1478 propius
758 1414 946 1479 suggressus
964 1393 1063 1458 hostis
1081 1404 1165 1457 certo

138 1491 224 1553 iactu
237 1488 298 1552 tela
310 1487 506 1563 exhauserat,
524 1486 610 1551 velut
623 1508 723 1551 cuneo
736 1487 850 1571 erupit3
868 1487 952 1551 idem
969 1487 1165 1551 auxiliarium

138 1584 289 1668 impetus3
308 1591 339 1646 et
356 1604 452 1665 eques
469 1581 619 1667 protentis
638 1581 736 1646 hastis
754 1581 918 1668 perfringit
935 1583 1021 1664 quod
1038 1579 1165 1645 obvium

138 1688 172 1741 et
193 1675 331 1741 validum
354 1685 432 1740 erat:
460 1675 553 1739 ceteri
575 1684 664 1761 terga
685 1672 869 1760 praebuere,
896 1675 1016 1739 difficili
1039 1675 1164 1760 effugio,

137 1769 213 1854 quia
239 1769 436 1833 circumiecta
462 1768 606 1833 vehicula
631 1779 792 1854 sepserant
813 1769 930 1846 abitus,
958 1779 989 1833 et
1011 1769 1099 1834 miles
1125 1791 1165 1833 nc

137 1862 303 1926 mulierum
321 1862 448 1946 quidem
465 1862 535 1926 neci
552 1861 759 1947 temperabat,
774 1863 966 1947 ¹confixaque
984 1864 1053 1928 telis*
1072 1863 1165 1928 etiam

137 1957 278 2020 iumenta
295 1963 460 2041 corporum
478 1956 637 2019 cumulum
654 1966 815 2020 auxerant.

205 2047 299 2114 Clara
312 2059 343 2114 et
360 2049 495 2132 antiquis
510 2050 645 2114 victoriis
658 2072 715 2134 par
728 2072 766 2115 ea
779 2051 829 2114 die
842 2049 910 2114 laus
929 2059 1030 2134 parta:
1049 2050 1164 2134 quippe

138 2152 215 2208 sunt
232 2144 285 2227 qui
306 2142 521 2229 paulominus
544 2166 638 2226 quam
652 2144 820 2230 ‘octoginta
841 2144 927 2208 milia
944 2143 1165 2208 Britannorum
1269 2162 1271 2167 ’

138 2237 290 2302 cecidisse
308 2237 443 2315 tradant,
467 2238 603 2312 mihtum,
622 2237 857 2323 quadringentis
878 2237 976 2302 ferme
994 2236 1164 2301 interfectis

137 2353 198 2396 neo
210 2331 308 2396 multo
322 2332 455 2417 amplius
469 2332 648 2396 vulneratis.
667 2332 827 2397 Boudicca
844 2332 941 2396 vitam
959 2353 1078 2396 veneno
1096 2330 1165 2393 fini-

137 2426 194 2488 vit.
217 2435 248 2490 et
264 2423 402 2490 Poenius
420 2425 605 2502 Postumus,
624 2422 800 2511 praefectus
820 2429 991 2490 castrorum
1010 2424 1164 2489 secundae

136 2519 285 2604 legionis,
309 2520 441 2605 cognitis
465 2521 820 2603 quartadecumanorum
842 2519 1164 2601 vicesimanorumque

136 2614 296 2698 prosperis
318 2613 426 2695 rebus,
450 2614 523 2698 quia
544 2613 612 2699 pari
634 2613 733 2699 gloria
754 2613 910 2698 legionem
933 2635 1022 2681 suam
1039 2611 1165 2674 frauda-

138 2717 227 2770 verat
252 2707 463 2790 abnueratqne
491 2720 598 2774 eontra
619 2709 713 2772 ritum
739 2709 866 2772 militiae
891 2708 978 2773 iussa
1000 2707 1103 2784 ducis,
1131 2729 1164 2770 se

137 2802 243 2886 ipsum
260 2802 366 2887 gladio
384 2804 543 2890 transegit.
1074 2811 1076 2815 ’

205 2894 391 2961 Contractus
410 2897 522 2962 deinde
543 2899 644 2963 omnis
667 2899 820 2963 exercitus
843 2898 903 2963 sub
924 2896 1057 2983 pellibus
1076 2895 1164 2960 habi-
1184 2915 1215 2972 aa

138 2999 190 3053 tus
208 3000 257 3054 est
273 2991 314 3054 ad
331 2991 450 3074 reliqua
467 2991 540 3056 belli
557 2993 773 3078 perpetranda,
793 2994 941 3076 auxitque
958 2992 1064 3076 copias
1084 2989 1165 3055 Cae-

138 3105 193 3147 sar
218 3084 322 3148 missis
349 3107 388 3148 ex
416 3083 735 3170 Germaniayduobus
762 3087 1002 3172 legionariorum
1027 3084 1163 3161 milibus,

138 3184 217 3240 octo·
236 3178 433 3243 auxiliarium
459 3178 638 3243 cohortibus
665 3202 702 3243 ao
723 3180 807 3243 mille
835 3178 1005 3262 equitibus,
1033 3199 1164 3261 quorum
1237 3221 1239 3225 -

138 3269 278 3334 adventu
302 3273 417 3337 nonani
439 3274 609 3360 legionario
631 3274 728 3338 mihte
751 3274 886 3359 suppleti
909 3282 989 3336 sunt.
1022 3266 1164 3335 cohortes

138 3362 269 3446 alaeque
282 3367 371 3431 novis
385 3366 593 3435 hibernaculis
612 3368 740 3444 locatae,
759 3368 904 3450 quodque
922 3367 1081 3430 nationum
1099 3388 1165 3428 am-

138 3455 270 3542 biguum
297 3469 351 3524 aut
373 3460 540 3526 adversum
566 3461 681 3539 fuerat,
708 3462 774 3547 igni
795 3472 888 3544 atque
910 3461 992 3524 ferro
1014 3467 1162 3523 vastatur.

138 3550 196 3613 sed
217 3551 294 3642 nihil
318 3576 417 3637 aeque
439 3577 533 3638 quam
549 3555 656 3636 ¹fames
679 3554 840 3640 affligebat
862 3554 1000 3619 serendis
1018 3552 1162 3638 frugibus

137 3644 311 3711 incuriosos
334 3658 365 3712 et
387 3650 471 3712 omni
493 3659 593 3714 aetate
616 3649 656 3714 ad
678 3649 794 3714 bellum
816 3670 920 3727 versa,
943 3648 1018 3711 dum
1039 3657 1162 3711 nostros

138 3750 332 3805 commeatus
356 3741 415 3807 sihi
438 3742 607 3820 destinant3
634 3753 806 3828 gentesque
827 3742 1022 3828 praeferoces
1045 3739 1162 3804 tardius

137 3830 180 3894 ad
196 3853 307 3916 paoem
329 3835 520 3901 inclinabant
541 3837 615 3920 quia
632 3836 731 3900 Iulius
751 3836 978 3912 Classieianus,
1002 3856 1164 3899 successor
1207 3841 1209 3844 ’

139 3923 222 3989 Cato
239 3927 356 3992 missus
375 3939 405 3993 et
425 3926 575 3994 Suetonio
593 3930 726 4006 discors,
749 3929 866 3994 bonum
884 3928 1043 4014 publicum
1060 3928 1168 4013 priva-7

137 4018 178 4082 tis
198 4019 408 4089 simultatibus
421 4023 611 4108 impediebat
624 4024 873 4108 disperseratque
891 4045 1007 4088 novum
1024 4023 1163 4109 legatum

136 4113 363 4197 opperiendum
381 4139 469 4196 esse,
481 4118 547 4182 sine
565 4117 670 4181 hostili
687 4116 733 4182 ira
751 4128 782 4183 et
800 4116 945 4202 superbia
957 4116 1082 4182 victoris
1101 4116 1163 4180 ele-
