2760 4874
414 400 620 459 ANNALIUM
638 399 712 456 LIB.
725 399 807 456 XIII.
825 401 848 454 1.
862 401 886 455 2.
1101 385 1163 450 227

138 509 159 547 p.
171 496 211 536 Ch.
222 496 253 534 54.

113 624 118 630 ¹
139 561 249 630 Sagitta
260 575 353 612 amore
361 572 477 611 vaecors
485 554 854 626 Pontiamtcrgiversantem
863 553 1163 610 ferrotransverberat.

138 637 233 691 liberti
242 636 312 688 mira
321 634 401 688 fides
606 638 609 643 ’

188 710 540 782 45.PoppaeamSabinam
549 709 725 765 amareNero
736 709 849 779 occipit.
863 708 944 762 istius
955 725 1053 778 genus,
1063 707 1163 776 forma,

138 807 221 860 opes,
232 805 338 856 mores,
349 786 538 854 matrimonia,
555 786 674 840 adulter.
692 785 734 839 46.
745 786 805 840 eius
815 784 933 840 maritus
943 785 1032 853 Otho,
1048 790 1080 838 ut
1089 802 1164 838 amo·
1269 849 1273 856 .

137 873 250 934 veatur,
268 863 434 918 Lusitaniae
452 862 622 933 praeficitur.
647 862 690 916 47.
706 861 853 917 Cornelius
872 861 963 933 Sulla,
982 861 1102 932 principi
1121 879 1164 915 su-

138 948 267 1012 spectus,
282 940 438 995 Massiliam
451 939 578 993 mittitur.
599 939 642 993 48.
656 939 781 993 Puteolis
797 939 950 993 concordia
963 938 1102 994 restituta.
1122 938 1165 991 49.

138 1021 294 1073 denumero
301 1017 490 1087 gladiatorum
497 1014 644 1086 Syracusis
651 1016 823 1070 edendorum
829 1016 1007 1086 disceptatio.
1021 1017 1165 1072 Thraseae

137 1096 217 1150 Paeti
228 1093 376 1148 sententia.
395 1094 436 1148 50.
443 1094 594 1163 vectigalia
605 1099 704 1147 contra
714 1093 834 1149 Neronis
844 1094 978 1164 impetum
987 1100 1105 1149 retenta.
1123 1094 1165 1150 51.

137 1173 354 1242 publicanorum
363 1171 496 1241 iniquitas
506 1177 670 1240 temperata.
689 1171 730 1224 52.
740 1172 926 1240 proconsules
936 1172 977 1226 rei
986 1172 1118 1226 absoluti.
1205 1205 1208 1209 ·

193 1251 235 1303 53.
245 1251 278 1302 L.
288 1250 379 1312 Vetus
395 1265 449 1317 ope
459 1246 598 1300 Mosellae
612 1251 641 1300 et
649 1245 747 1300 Araris
760 1247 890 1300 Rhenum
905 1246 967 1301 cuin
977 1249 1092 1303 Oceano
1106 1250 1166 1304 inn-

137 1343 205 1396 gere
215 1322 304 1396 parab
320 1321 495 1378 obstatAelii
502 1322 624 1376 Gracilis
632 1322 747 1377 invidia.
761 1323 802 1376 54.
808 1324 892 1377 Frisii
900 1324 1113 1380 iuxtaRhenum
1124 1343 1165 1381 se-

138 1404 189 1457 des
198 1402 286 1473 figere
296 1400 402 1455 frustra
412 1405 558 1453 conantur.
575 1397 617 1452 55.
628 1399 744 1453 eosdem
753 1398 1015 1471 agrosAmpsivarii
1025 1407 1167 1472 occupant

137 1479 199 1534 fato
210 1479 317 1533 eodem.
336 1477 377 1531 56.
387 1475 518 1530 Βοὶο551ἰ
529 1476 696 1530 constantia.
710 1474 891 1546 Ampsivarii
900 1479 995 1534 deleti.
1013 1477 1056 1532 57.
1071 1478 1166 1533 Chatti

138 1556 175 1611 ab
186 1555 391 1610 Hermunduris
400 1553 461 1608 fere
475 1554 512 1607 ad
523 1553 636 1607 exitium
650 1553 743 1624 gentis
755 1554 839 1608 caesi.
861 1554 943 1626 ignes
958 1561 1033 1610 terra
1042 1555 1111 1610 editi
1121 1556 1166 1609 vix

139 1631 276 1702 oppressi.
294 1630 335 1684 58.
344 1629 416 1683 ficus
427 1629 590 1683 Ruminalis.

191 1707 281 1763 Gesta
294 1709 366 1762 5555
378 1707 523 1762 mensibus
534 1711 667 1778 quattuor
677 1713 706 1762 55
716 1706 797 1761 annis
807 1713 954 1778 quattuor,
968 1708 1035 1778 imp.
1045 1707 1165 1764 Claudio

137 1787 262 1854 Nerone,
272 1786 306 1839 L.
315 1784 439 1838 Antistio
450 1786 568 1852 Vetere;
579 1784 611 1848 Q.
621 1784 751 1854 Volusio,
763 1786 795 1839 P.
802 1783 933 1840 Cornelio
945 1785 1091 1855 Scipione,
1101 1786 1166 1857 imp.

139 1861 259 1916 Claudio
269 1862 383 1917 Nerone
393 1862 430 1931 II,
441 1861 475 1916 L.
486 1859 640 1932 Calpurnio
649 1862 769 1930 Pisone3
782 1861 848 1934 imp.
859 1860 978 1917 Claudio
988 1863 1102 1925 Nerone
1112 1863 1166 1932 III,

138 1939 254 2003 Valerio
265 1939 400 1994 Messalla
411 1956 483 1993 coss.

175 2128 177 2132 ’
202 2122 310 2187 Prima
327 2145 409 2187 novo
431 2124 606 2208 principatu
629 2146 713 2189 mors
731 2124 815 2188 Iunii
834 2121 948 2201 Sileni,
970 2123 1165 2211 proconsulis
1189 2144 1198 2187 1

138 2216 252 2294 Asiae,
270 2218 380 2302 ignaro
399 2216 522 2282 Nerone
539 2240 596 2302 per
612 2218 720 2283 dolum
737 2217 933 2304 Agrippinae
950 2229 1085 2303 paratur,
1104 2241 1167 2283 non

138 2310 213 2394 quia
230 2310 348 2396 ingenii
365 2310 513 2375 violentia
535 2312 666 2376 exitium
684 2313 870 2390 irritaverat,
894 2313 1000 2398 se'gnis
1019 2323 1050 2376 et
1067 2313 1168 2377 domi-

138 2403 317 2468 nationibus
335 2404 404 2468 aliis
418 2404 587 2482 fastiditus,
607 2406 685 2470 adeo
704 2416 738 2469 ut
753 2405 790 2470 C.
807 2405 926 2471 Caesar
941 2407 1094 2492 pecudem
1113 2429 1168 2470 au-

137 2518 225 2562 ream
247 2521 319 2562 eum
345 2499 502 2583 appellare
529 2500 638 2564 solitus
666 2500 719 2577 sit'3
746 2522 856 2564 verum
877 2491 1064 2585 Agrippina
1080 2500 1168 2565 fratri

139 2591 207 2655 eius
216 2592 257 2655 L.
270 2589 378 2656 Silano
387 2614 496 2656 necem
510 2592 618 2657 molita
631 2593 762 2658 ultorem
776 2592 944 2670 metuebat,
959 2592 1069 2658 crebra
1081 2593 1168 2681 vulgi

138 2684 226 2748 fama
248 2687 500 2769 anteponendum
522 2708 592 2750 esse
615 2687 745 2751 vixdum
767 2687 935 2771 pueritiam
956 2709 1084 2774 egresso
1105 2687 1168 2755 Ne-

138 2778 208 2842 roni
231 2788 262 2841 et
279 2778 444 2863 imperium
466 2802 524 2865 per
546 2780 648 2844 scelus
672 2781 785 2865 adepto
803 2780 905 2845 virum
923 2790 1023 2846 aetate
1041 2802 1169 2866 compo·

140 2873 214 2949 sita,
232 2873 398 2950 insontem,
417 2874 563 2952 nobilem,
583 2884 614 2941 et
632 2877 716 2958 quod
734 2886 808 2940 tunc
827 2885 1031 2960 spectaretur,
1051 2899 1068 2940 5
1088 2876 1170 2943 Cae-

140 2991 247 3034 sarum
270 2970 417 3052 posteris:
441 2970 558 3055 quippe
580 2981 611 3035 et
635 2969 762 3036 Silanus
786 2966 851 3035 divi
867 2969 1008 3056 Augusti
1030 2970 1168 3056 abnepos

140 3074 219 3141 erat3
238 3064 321 3128 haec
334 3087 430 3130 causa
446 3066 542 3130 necis.
566 3066 698 3130 ministri
716 3065 803 3130 fuere
816 3065 854 3130 P.
870 3065 972 3143 Celer,
991 3089 1087 3149 eques
1105 3066 1169 3130 Ro-

139 3181 267 3235 manus,
291 3168 321 3222 et
338 3159 452 3224 Helius
470 3159 614 3236 libertus,
637 3160 682 3224 rei
704 3159 850 3223 familiari
866 3160 1015 3244 principis
1038 3161 1072 3222 in
1088 3157 1170 3223 Asia

139 3253 292 3338 impositi3
315 3255 355 3320 ab
377 3255 426 3320 his
449 3256 628 3340 proconsuli
649 3278 806 3320 venenum
827 3255 908 3318 inter
930 3254 1038 3338 epulas
1061 3255 1169 3317 datum

140 3359 190 3412 555
207 3351 343 3433 apertius
362 3373 457 3433 quam
474 3360 510 3413 ut
527 3350 679 3413 fallerent.
706 3371 765 3412 nec
782 3349 885 3412 minus
908 3357 1073 3432 properato
1090 3347 1170 3411 Nar·

141 3440 257 3518 cissus,
283 3441 408 3506 Claudii
425 3443 568 3520 libertus,
589 3443 627 3506 de
646 3443 735 3506 cuius
754 3441 863 3527 iurgiis
882 3441 1033 3506 adversus
1050 3439 1170 3526 Agrip-

139 3535 247 3619 pinam
267 3534 373 3612 retuli,
401 3559 513 3621 aspera
539 3537 682 3601 custodia
703 3546 735 3600 et
756 3535 942 3600 necessitate
968 3544 1106 3599 extrema
1128 3534 1169 3598 ad

140 3637 273 3692 mortem
291 3630 408 3714 agitur,
432 3630 529 3695 invito
547 3631 700 3716 principe,
725 3630 814 3694 cuius
833 3628 946 3693 abditis
965 3628 1067 3693 adhuc
1084 3627 1168 3693 vitiis

139 3742 198 3806 per
214 3722 376 3786 avaritiam
393 3746 430 3788 ac
447 3714 675 3810 prodigentiam
689 3725 766 3788 mire
780 3722 986 3810 congruebat:
1004 3722 1168 3805 ibaturque
1187 3741 1201 3788 2

139 3815 174 3878 iu
196 3817 322 3894 caedes,
346 3818 406 3881 nisi
423 3818 576 3883 Afranius
594 3819 715 3884 Burrus
739 3829 770 3882 ct
791 3817 944 3882 Annaeus
969 3815 1091 3881 Seneca
1113 3816 1169 3880 ob-

139 3907 224 3973 viem
242 3910 350 3976 issent.
378 3911 411 3976 hi
432 3922 568 3977 rectores
590 3912 806 3997 imperatoriae
828 3913 974 3975 iuventae
996 3920 1040 3987 et,
1063 3932 1168 3974 rarum
1264 3977 1266 3981 ,

139 4003 174 4066 in
197 4005 345 4069 societate
367 4007 537 4090 potentiae,
565 4007 749 4084 concordes,
772 4006 896 4070 diversa
918 4014 984 4070 arte
1006 4026 1046 4069 ex
1068 4027 1168 4088 aequo

139 4096 315 4182 pollebant,
341 4099 462 4171 Burrus
485 4100 669 4165 militaribus
692 4099 773 4165 curis
797 4110 827 4164 55
849 4100 1013 4168 severitate
1034 4122 1167 4176 morum,

933 4200 995 4265 15*
