<?xml version="1.0" encoding="UTF-8"?>
<!DOCTYPE html PUBLIC "-//W3C//DTD XHTML 1.0 Transitional//EN"
    "http://www.w3.org/TR/xhtml1/DTD/xhtml1-transitional.dtd">
<html xmlns="http://www.w3.org/1999/xhtml" xml:lang="en" lang="en">
 <head>
  <title>
</title>
<meta http-equiv="Content-Type" content="text/html;charset=utf-8" />
  <meta name='ocr-system' content='tesseract 3.04.00' />
  <meta name='ocr-capabilities' content='ocr_page ocr_carea ocr_par ocr_line ocrx_word'/>
</head>
<body>
  <div class='ocr_page' id='page_1' title='image "./corneliitacitio01haasgoog_0179.png"; bbox 0 0 2760 4874; ppageno 0'>
   <div class='ocr_carea' id='block_1_1' title="bbox 179 407 1239 543">
    <p class='ocr_par' dir='ltr' id='par_1_1' title="bbox 179 407 1239 543">
     <span class='ocr_line' id='line_1_1' title="bbox 179 407 889 499; baseline -0.007 -28"><span class='ocrx_word' id='word_1_1' title='bbox 179 465 194 499; x_wconf 58' lang='lat'>‚</span> <span class='ocrx_word' id='word_1_2' title='bbox 217 407 277 470; x_wconf 76' lang='lat'>102</span> <span class='ocrx_word' id='word_1_3' title='bbox 562 413 747 482; x_wconf 78' lang='grc' dir='ltr'>οοιιιιιιιι</span> <span class='ocrx_word' id='word_1_4' title='bbox 760 411 889 467; x_wconf 70' lang='lat' dir='ltr'>vtem</span> 
     </span>
     <span class='ocr_line' id='line_1_2' title="bbox 1133 505 1239 543; baseline 0.009 -3"><span class='ocrx_word' id='word_1_5' title='bbox 1133 512 1152 540; x_wconf 84' lang='lat' dir='ltr'>a.</span> <span class='ocrx_word' id='word_1_6' title='bbox 1162 514 1185 541; x_wconf 85' lang='grc' dir='ltr'>ιι.</span> <span class='ocrx_word' id='word_1_7' title='bbox 1195 505 1239 543; x_wconf 72' lang='grc'>774.</span> 
     </span>
    </p>
   </div>
   <div class='ocr_carea' id='block_1_2' title="bbox 165 568 1377 4044">
    <p class='ocr_par' dir='ltr' id='par_1_2' title="bbox 214 568 1242 1222">
     <span class='ocr_line' id='line_1_3' title="bbox 215 568 1240 659; baseline -0.004 -20"><span class='ocrx_word' id='word_1_8' title='bbox 215 575 363 659; x_wconf 90' lang='lat' dir='ltr'>triumphi</span> <span class='ocrx_word' id='word_1_9' title='bbox 385 573 532 659; x_wconf 58' lang='lat' dir='ltr'>adeptum</span> <span class='ocrx_word' id='word_1_10' title='bbox 554 571 709 654; x_wconf 86' lang='lat' dir='ltr'>datusque</span> <span class='ocrx_word' id='word_1_11' title='bbox 731 579 832 634; x_wconf 90' lang='lat' dir='ltr'>rector</span> <span class='ocrx_word' id='word_1_12' title='bbox 850 569 888 634; x_wconf 91' lang='lat' dir='ltr'>C.</span> <span class='ocrx_word' id='word_1_13' title='bbox 910 568 1040 634; x_wconf 80' lang='lat' dir='ltr'>Caesari</span> <span class='ocrx_word' id='word_1_14' title='bbox 1057 568 1240 635; x_wconf 82' lang='lat' dir='ltr'><strong>Armeniam</strong></span> 
     </span>
     <span class='ocr_line' id='line_1_4' title="bbox 215 663 1242 749; baseline -0.005 -16"><span class='ocrx_word' id='word_1_15' title='bbox 215 668 365 735; x_wconf 84' lang='lat' dir='ltr'>obtinenti</span> <span class='ocrx_word' id='word_1_16' title='bbox 383 665 545 731; x_wconf 87' lang='lat' dir='ltr'>Tiberium</span> <span class='ocrx_word' id='word_1_17' title='bbox 562 686 688 749; x_wconf 90' lang='lat' dir='ltr'>quoque</span> <span class='ocrx_word' id='word_1_18' title='bbox 705 664 810 729; x_wconf 87' lang='lat' dir='ltr'>Rhodi</span> <span class='ocrx_word' id='word_1_19' title='bbox 828 676 974 749; x_wconf 89' lang='lat' dir='ltr'>agentem</span> <span class='ocrx_word' id='word_1_20' title='bbox 992 663 1138 742; x_wconf 84' lang='lat' dir='ltr'>coluerat,</span> <span class='ocrx_word' id='word_1_21' title='bbox 1157 665 1242 748; x_wconf 90' lang='lat' dir='ltr'>qnod</span> 
     </span>
     <span class='ocr_line' id='line_1_5' title="bbox 215 757 1241 846; baseline -0.006 -18"><span class='ocrx_word' id='word_1_22' title='bbox 215 774 289 828; x_wconf 90' lang='lat' dir='ltr'>tunc</span> <span class='ocrx_word' id='word_1_23' title='bbox 306 760 454 846; x_wconf 81' lang='lat' dir='ltr'>patefecit</span> <span class='ocrx_word' id='word_1_24' title='bbox 470 759 504 824; x_wconf 90' lang='lat' dir='ltr'>in</span> <span class='ocrx_word' id='word_1_25' title='bbox 522 768 646 838; x_wconf 83' lang='lat' dir='ltr'>senatu,</span> <span class='ocrx_word' id='word_1_26' title='bbox 664 758 799 823; x_wconf 88' lang='lat' dir='ltr'>laudatis</span> <span class='ocrx_word' id='word_1_27' title='bbox 817 758 850 821; x_wconf 94' lang='lat' dir='ltr'>in</span> <span class='ocrx_word' id='word_1_28' title='bbox 868 779 901 822; x_wconf 91' lang='lat' dir='ltr'>se</span> <span class='ocrx_word' id='word_1_29' title='bbox 921 757 1033 823; x_wconf 85' lang='lat' dir='ltr'>officiis</span> <span class='ocrx_word' id='word_1_30' title='bbox 1052 766 1083 823; x_wconf 89' lang='lat' dir='ltr'>et</span> <span class='ocrx_word' id='word_1_31' title='bbox 1099 758 1241 822; x_wconf 88' lang='lat' dir='ltr'>incusato</span> 
     </span>
     <span class='ocr_line' id='line_1_6' title="bbox 214 850 1242 938; baseline -0.003 -19"><span class='ocrx_word' id='word_1_32' title='bbox 214 856 262 920; x_wconf 91' lang='lat' dir='ltr'>M.</span> <span class='ocrx_word' id='word_1_33' title='bbox 275 855 390 932; x_wconf 91' lang='lat' dir='ltr'>Lollio,</span> <span class='ocrx_word' id='word_1_34' title='bbox 409 875 504 938; x_wconf 87' lang='lat' dir='ltr'>quem</span> <span class='ocrx_word' id='word_1_35' title='bbox 521 863 680 918; x_wconf 84' lang='lat' dir='ltr'>auctorem</span> <span class='ocrx_word' id='word_1_36' title='bbox 694 850 732 917; x_wconf 93' lang='lat' dir='ltr'>C.</span> <span class='ocrx_word' id='word_1_37' title='bbox 750 851 880 917; x_wconf 87' lang='lat' dir='ltr'>Caesari</span> <span class='ocrx_word' id='word_1_38' title='bbox 896 851 1058 936; x_wconf 87' lang='lat' dir='ltr'>pravitatis</span> <span class='ocrx_word' id='word_1_39' title='bbox 1077 852 1242 916; x_wconf 87' lang='lat' dir='ltr'>et·discor-</span> 
     </span>
     <span class='ocr_line' id='line_1_7' title="bbox 215 945 1243 1035; baseline -0.006 -20"><span class='ocrx_word' id='word_1_40' title='bbox 215 950 336 1015; x_wconf 90' lang='lat' dir='ltr'>diarum</span> <span class='ocrx_word' id='word_1_41' title='bbox 354 948 520 1035; x_wconf 84' lang='lat' dir='ltr'>arguebat3</span> <span class='ocrx_word' id='word_1_42' title='bbox 538 948 595 1013; x_wconf 92' lang='lat' dir='ltr'>sed</span> <span class='ocrx_word' id='word_1_43' title='bbox 612 946 723 1011; x_wconf 90' lang='lat' dir='ltr'>ceteris</span> <span class='ocrx_word' id='word_1_44' title='bbox 741 945 826 1011; x_wconf 91' lang='lat' dir='ltr'>haud</span> <span class='ocrx_word' id='word_1_45' title='bbox 843 945 926 1010; x_wconf 87' lang='lat' dir='ltr'>laeta</span> <span class='ocrx_word' id='word_1_46' title='bbox 942 946 1093 1014; x_wconf 86' lang='lat' dir='ltr'>memoria</span> <span class='ocrx_word' id='word_1_47' title='bbox 1107 945 1243 1028; x_wconf 83' lang='lat' dir='ltr'>Quirinii</span> 
     </span>
     <span class='ocr_line' id='line_1_8' title="bbox 215 1038 1243 1156; baseline -0.005 -47"><span class='ocrx_word' id='word_1_48' title='bbox 215 1053 281 1109; x_wconf 91' lang='lat' dir='ltr'>erat</span> <span class='ocrx_word' id='word_1_49' title='bbox 298 1043 403 1112; x_wconf 94' lang='lat' dir='ltr'>obt</span> <span class='ocrx_word' id='word_1_50' title='bbox 357 1067 389 1107; x_wconf 89' lang='lat' dir='ltr'>m</span> <span class='ocrx_word' id='word_1_51' title='bbox 391 1051 484 1120; x_wconf 90' lang='lat' dir='ltr'>tenta,</span> <span class='ocrx_word' id='word_1_52' title='bbox 504 1050 538 1105; x_wconf 88' lang='lat' dir='ltr'>ut</span> <span class='ocrx_word' id='word_1_53' title='bbox 554 1040 736 1117; x_wconf 85' lang='lat' dir='ltr'>memoravi,</span> <span class='ocrx_word' id='word_1_54' title='bbox 753 1038 903 1124; x_wconf 85' lang='lat' dir='ltr'>Lepidae</span> <span class='ocrx_word' id='word_1_55' title='bbox 913 1039 1053 1125; x_wconf 85' lang='lat' dir='ltr'>pericula</span> <span class='ocrx_word' id='word_1_56' title='bbox 1070 1040 1243 1156; x_wconf 88' lang='lat' dir='ltr'>sordidam-</span> 
     </span>
     <span class='ocr_line' id='line_1_9' title="bbox 215 1143 764 1244; baseline -0.009 -42"><span class='ocrx_word' id='word_1_57' title='bbox 215 1159 276 1221; x_wconf 92' lang='lat' dir='ltr'>que</span> <span class='ocrx_word' id='word_1_58' title='bbox 295 1146 326 1201; x_wconf 88' lang='lat' dir='ltr'>et</span> <span class='ocrx_word' id='word_1_59' title='bbox 342 1145 577 1244; x_wconf 83' lang='lat' dir='ltr'>praepotentem</span> <span class='ocrx_word' id='word_1_60' title='bbox 596 1143 764 1201; x_wconf 87' lang='lat' dir='ltr'>senectam.</span> 
     </span>
    </p>

    <p class='ocr_par' dir='ltr' id='par_1_3' title="bbox 165 1226 1377 2160">
     <span class='ocr_line' id='line_1_10' title="bbox 165 1226 1244 1313; baseline -0.008 -13"><span class='ocrx_word' id='word_1_61' title='bbox 165 1253 222 1300; x_wconf 81' lang='grc'>49</span> <span class='ocrx_word' id='word_1_62' title='bbox 280 1229 360 1297; x_wconf 89' lang='lat' dir='ltr'>Fine</span> <span class='ocrx_word' id='word_1_63' title='bbox 373 1253 447 1295; x_wconf 89' lang='lat' dir='ltr'>anm</span> <span class='ocrx_word' id='word_1_64' title='bbox 437 1228 628 1304; x_wconf 73' lang='grc' dir='ltr'>Ιιιιιοιιιιιιι</span> <span class='ocrx_word' id='word_1_65' title='bbox 641 1227 796 1305; x_wconf 91' lang='lat' dir='ltr'>Priscum,</span> <span class='ocrx_word' id='word_1_66' title='bbox 816 1226 952 1310; x_wconf 89' lang='lat' dir='ltr'>equitem</span> <span class='ocrx_word' id='word_1_67' title='bbox 965 1227 1153 1305; x_wconf 87' lang='lat' dir='ltr'>Romanum,</span> <span class='ocrx_word' id='word_1_68' title='bbox 1171 1236 1244 1313; x_wconf 89' lang='lat' dir='ltr'>post</span> 
     </span>
     <span class='ocr_line' id='line_1_11' title="bbox 216 1321 1243 1409; baseline -0.005 -18"><span class='ocrx_word' id='word_1_69' title='bbox 216 1325 337 1391; x_wconf 88' lang='lat' dir='ltr'>celebre</span> <span class='ocrx_word' id='word_1_70' title='bbox 351 1346 477 1404; x_wconf 86' lang='lat' dir='ltr'>carmen</span> <span class='ocrx_word' id='word_1_71' title='bbox 493 1345 559 1409; x_wconf 82' lang='lat' dir='ltr'>quo</span> <span class='ocrx_word' id='word_1_72' title='bbox 571 1321 751 1389; x_wconf 86' lang='lat' dir='ltr'>Germanici</span> <span class='ocrx_word' id='word_1_73' title='bbox 769 1328 915 1408; x_wconf 87' lang='lat' dir='ltr'>suprema</span> <span class='ocrx_word' id='word_1_74' title='bbox 927 1323 1095 1387; x_wconf 88' lang='lat' dir='ltr'>defleverat</span> <span class='ocrx_word' id='word_1_75' title='bbox 1111 1322 1243 1408; x_wconf 88' lang='lat' dir='ltr'>pecunia</span> 
     </span>
     <span class='ocr_line' id='line_1_12' title="bbox 216 1416 1242 1503; baseline -0.003 -20"><span class='ocrx_word' id='word_1_76' title='bbox 216 1420 364 1484; x_wconf 86' lang='lat' dir='ltr'>donatum</span> <span class='ocrx_word' id='word_1_77' title='bbox 391 1441 411 1483; x_wconf 84' lang='lat' dir='ltr'>a</span> <span class='ocrx_word' id='word_1_78' title='bbox 438 1416 589 1495; x_wconf 83' lang='lat' dir='ltr'>Caesare,</span> <span class='ocrx_word' id='word_1_79' title='bbox 621 1417 770 1503; x_wconf 89' lang='lat' dir='ltr'>corripuit</span> <span class='ocrx_word' id='word_1_80' title='bbox 795 1416 928 1494; x_wconf 90' lang='lat' dir='ltr'>delator,</span> <span class='ocrx_word' id='word_1_81' title='bbox 962 1417 1121 1482; x_wconf 90' lang='lat' dir='ltr'>obiectans</span> <span class='ocrx_word' id='word_1_82' title='bbox 1148 1438 1242 1502; x_wconf 87' lang='lat' dir='ltr'>aegro</span> 
     </span>
     <span class='ocr_line' id='line_1_13' title="bbox 215 1507 1244 1596; baseline -0.005 -18"><span class='ocrx_word' id='word_1_83' title='bbox 215 1512 324 1578; x_wconf 89' lang='lat' dir='ltr'>Druso</span> <span class='ocrx_word' id='word_1_84' title='bbox 341 1511 556 1596; x_wconf 87' lang='lat' dir='ltr'>composuisse</span> <span class='ocrx_word' id='word_1_85' title='bbox 573 1511 668 1594; x_wconf 81' lang='lat' dir='ltr'>quod,</span> <span class='ocrx_word' id='word_1_86' title='bbox 688 1510 716 1574; x_wconf 92' lang='lat' dir='ltr'>si</span> <span class='ocrx_word' id='word_1_87' title='bbox 733 1509 888 1575; x_wconf 84' lang='lat' dir='ltr'>extinctus</span> <span class='ocrx_word' id='word_1_88' title='bbox 906 1507 1001 1587; x_wconf 84' lang='lat' dir='ltr'>foret,</span> <span class='ocrx_word' id='word_1_89' title='bbox 1019 1511 1137 1574; x_wconf 89' lang='lat' dir='ltr'>maiore</span> <span class='ocrx_word' id='word_1_90' title='bbox 1154 1528 1244 1595; x_wconf 90' lang='lat' dir='ltr'>prae-</span> 
     </span>
     <span class='ocr_line' id='line_1_14' title="bbox 215 1603 1242 1692; baseline -0.007 -17"><span class='ocrx_word' id='word_1_91' title='bbox 215 1607 279 1676; x_wconf 87' lang='lat' dir='ltr'>mio</span> <span class='ocrx_word' id='word_1_92' title='bbox 305 1605 502 1692; x_wconf 49' lang='lat' dir='ltr'>vulgaretur?</span> <span class='ocrx_word' id='word_1_93' title='bbox 526 1605 559 1670; x_wconf 92' lang='lat' dir='ltr'>id</span> <span class='ocrx_word' id='word_1_94' title='bbox 580 1604 732 1686; x_wconf 86' lang='lat' dir='ltr'>Lutorius</span> <span class='ocrx_word' id='word_1_95' title='bbox 758 1605 792 1668; x_wconf 93' lang='lat' dir='ltr'>in</span> <span class='ocrx_word' id='word_1_96' title='bbox 813 1605 907 1669; x_wconf 89' lang='lat' dir='ltr'>domo</span> <span class='ocrx_word' id='word_1_97' title='bbox 928 1603 967 1669; x_wconf 91' lang='lat' dir='ltr'>P.</span> <span class='ocrx_word' id='word_1_98' title='bbox 985 1604 1126 1670; x_wconf 90' lang='lat' dir='ltr'>Petronii</span> <span class='ocrx_word' id='word_1_99' title='bbox 1152 1627 1242 1670; x_wconf 84' lang='lat' dir='ltr'>soem</span> 
     </span>
     <span class='ocr_line' id='line_1_15' title="bbox 215 1698 1280 1784; baseline -0.002 -19"><span class='ocrx_word' id='word_1_100' title='bbox 215 1700 283 1766; x_wconf 86' lang='lat' dir='ltr'>eius</span> <span class='ocrx_word' id='word_1_101' title='bbox 300 1698 428 1765; x_wconf 91' lang='lat' dir='ltr'>Vitellia</span> <span class='ocrx_word' id='word_1_102' title='bbox 450 1721 554 1764; x_wconf 90' lang='lat' dir='ltr'>coram</span> <span class='ocrx_word' id='word_1_103' title='bbox 577 1699 745 1782; x_wconf 85' lang='lat' dir='ltr'>multisque</span> <span class='ocrx_word' id='word_1_104' title='bbox 767 1699 952 1764; x_wconf 85' lang='lat' dir='ltr'>inlustribus</span> <span class='ocrx_word' id='word_1_105' title='bbox 971 1699 1098 1765; x_wconf 85' lang='lat' dir='ltr'>feminis</span> <span class='ocrx_word' id='word_1_106' title='bbox 1115 1721 1173 1784; x_wconf 92' lang='lat' dir='ltr'>per</span> <span class='ocrx_word' id='word_1_107' title='bbox 1189 1722 1243 1763; x_wconf 87' lang='lat' dir='ltr'>va·</span> <span class='ocrx_word' id='word_1_108' title='bbox 1269 1702 1280 1715; x_wconf 84' lang='lat'>&#39;&#39;</span> 
     </span>
     <span class='ocr_line' id='line_1_16' title="bbox 215 1793 1239 1880; baseline 0 -22"><span class='ocrx_word' id='word_1_109' title='bbox 215 1793 443 1878; x_wconf 83' lang='lat' dir='ltr'>niloqnentiam&#39;</span> <span class='ocrx_word' id='word_1_110' title='bbox 459 1793 588 1880; x_wconf 74' lang='lat' dir='ltr'>legerat.</span> <span class='ocrx_word' id='word_1_111' title='bbox 615 1804 651 1857; x_wconf 90' lang='lat' dir='ltr'>ut</span> <span class='ocrx_word' id='word_1_112' title='bbox 667 1793 788 1859; x_wconf 89' lang='lat' dir='ltr'>delator</span> <span class='ocrx_word' id='word_1_113' title='bbox 809 1794 924 1872; x_wconf 87' lang='lat' dir='ltr'>extitit,</span> <span class='ocrx_word' id='word_1_114' title='bbox 947 1794 1064 1859; x_wconf 88' lang='lat' dir='ltr'>ceteris</span> <span class='ocrx_word' id='word_1_115' title='bbox 1080 1795 1121 1859; x_wconf 88' lang='lat' dir='ltr'>ad</span> <span class='ocrx_word' id='word_1_116' title='bbox 1139 1794 1239 1859; x_wconf 90' lang='lat' dir='ltr'>dicen·</span> 
     </span>
     <span class='ocr_line' id='line_1_17' title="bbox 216 1885 1242 1958; baseline 0.001 -7"><span class='ocrx_word' id='word_1_117' title='bbox 216 1888 292 1958; x_wconf 90' lang='lat' dir='ltr'>dum</span> <span class='ocrx_word' id='word_1_118' title='bbox 309 1887 520 1953; x_wconf 89' lang='lat' dir='ltr'>testimonium</span> <span class='ocrx_word' id='word_1_119' title='bbox 539 1887 692 1952; x_wconf 84' lang='lat' dir='ltr'>exterritis</span> <span class='ocrx_word' id='word_1_120' title='bbox 711 1887 779 1952; x_wconf 88' lang='lat' dir='ltr'>sola</span> <span class='ocrx_word' id='word_1_121' title='bbox 791 1885 921 1953; x_wconf 88' lang='lat' dir='ltr'>Vitellia</span> <span class='ocrx_word' id='word_1_122' title='bbox 936 1888 1014 1952; x_wconf 92' lang='lat' dir='ltr'>nihil</span> <span class='ocrx_word' id='word_1_123' title='bbox 1032 1910 1066 1952; x_wconf 93' lang='lat' dir='ltr'>se</span> <span class='ocrx_word' id='word_1_124' title='bbox 1084 1888 1242 1952; x_wconf 88' lang='lat' dir='ltr'>audivisse</span> 
     </span>
     <span class='ocr_line' id='line_1_18' title="bbox 200 1979 1241 2067; baseline -0.001 -21"><span class='ocrx_word' id='word_1_125' title='bbox 200 1979 421 2046; x_wconf 71' lang='lat' dir='ltr'>adseveravit.</span> <span class='ocrx_word' id='word_1_126' title='bbox 449 1981 507 2046; x_wconf 90' lang='lat' dir='ltr'>sed</span> <span class='ocrx_word' id='word_1_127' title='bbox 524 1981 726 2067; x_wconf 86' lang='lat' dir='ltr'>arguentibus</span> <span class='ocrx_word' id='word_1_128' title='bbox 745 1982 786 2049; x_wconf 87' lang='lat' dir='ltr'>ad</span> <span class='ocrx_word' id='word_1_129' title='bbox 803 1982 975 2066; x_wconf 93' lang='lat' dir='ltr'>perniciem</span> <span class='ocrx_word' id='word_1_130' title='bbox 991 1981 1063 2067; x_wconf 91' lang='lat' dir='ltr'>plus</span> <span class='ocrx_word' id='word_1_131' title='bbox 1081 1982 1155 2046; x_wconf 92' lang='lat' dir='ltr'>fidei</span> <span class='ocrx_word' id='word_1_132' title='bbox 1172 1980 1241 2059; x_wconf 86' lang='lat' dir='ltr'>fnit,</span> 
     </span>
     <span class='ocr_line' id='line_1_19' title="bbox 217 2068 1377 2162; baseline -0.001 -23"><span class='ocrx_word' id='word_1_133' title='bbox 217 2083 286 2139; x_wconf 89' lang='lat' dir='ltr'>sent</span> <span class='ocrx_word' id='word_1_134' title='bbox 287 2084 338 2139; x_wconf 89' lang='lat' dir='ltr'>ent</span> <span class='ocrx_word' id='word_1_135' title='bbox 339 2073 745 2161; x_wconf 86' lang='lat' dir='ltr'>iaqueHateriiAgrippae,</span> <span class='ocrx_word' id='word_1_136' title='bbox 760 2075 897 2140; x_wconf 88' lang='lat' dir='ltr'>consulis</span> <span class='ocrx_word' id='word_1_137' title='bbox 911 2076 1076 2162; x_wconf 86' lang='lat' dir='ltr'>designati,</span> <span class='ocrx_word' id='word_1_138' title='bbox 1091 2075 1242 2141; x_wconf 88' lang='lat' dir='ltr'>indictum</span> <span class='ocrx_word' id='word_1_139' title='bbox 1342 2068 1377 2113; x_wconf 64' lang='lat'>⁶³·</span> 
     </span>
    </p>

    <p class='ocr_par' dir='ltr' id='par_1_4' title="bbox 166 2160 1245 3385">
     <span class='ocr_line' id='line_1_20' title="bbox 166 2160 1243 2254; baseline -0.003 -16.997"><span class='ocrx_word' id='word_1_140' title='bbox 166 2190 198 2237; x_wconf 81' lang='grc' dir='ltr'>ιο</span> <span class='ocrx_word' id='word_1_141' title='bbox 215 2191 269 2234; x_wconf 89' lang='lat' dir='ltr'>reo</span> <span class='ocrx_word' id='word_1_142' title='bbox 286 2167 431 2237; x_wconf 76' lang='lat' dir='ltr'>ultimum</span> <span class='ocrx_word' id='word_1_143' title='bbox 448 2168 644 2253; x_wconf 91' lang='lat' dir='ltr'>supplicium.</span> <span class='ocrx_word' id='word_1_144' title='bbox 668 2177 776 2233; x_wconf 88' lang='lat' dir='ltr'>contra</span> <span class='ocrx_word' id='word_1_145' title='bbox 792 2168 849 2233; x_wconf 85' lang='grc' dir='ltr'>Μ’.</span> <span class='ocrx_word' id='word_1_146' title='bbox 863 2169 1033 2254; x_wconf 87' lang='lat' dir='ltr'>Lepidns&#39;</span> <span class='ocrx_word' id='word_1_147' title='bbox 1024 2193 1058 2233; x_wconf 93' lang='lat' dir='ltr'>m</span> <span class='ocrx_word' id='word_1_148' title='bbox 1074 2160 1159 2233; x_wconf 90' lang='lat' dir='ltr'>hunc</span> <span class='ocrx_word' id='word_1_149' title='bbox 1176 2192 1243 2234; x_wconf 91' lang='lat' dir='ltr'>mo-</span> 
     </span>
     <span class='ocr_line' id='line_1_21' title="bbox 216 2260 1243 2352; baseline 0 -24"><span class='ocrx_word' id='word_1_150' title='bbox 216 2263 307 2330; x_wconf 91' lang='lat' dir='ltr'>dum</span> <span class='ocrx_word' id='word_1_151' title='bbox 310 2283 440 2327; x_wconf 86' lang='lat' dir='ltr'>exorsus</span> <span class='ocrx_word' id='word_1_152' title='bbox 459 2271 520 2328; x_wconf 88' lang='lat' dir='ltr'>est.</span> <span class='ocrx_word' id='word_1_153' title='bbox 545 2263 606 2342; x_wconf 86' lang='lat' dir='ltr'>„si,</span> <span class='ocrx_word' id='word_1_154' title='bbox 628 2271 733 2352; x_wconf 89' lang='lat' dir='ltr'>patres</span> <span class='ocrx_word' id='word_1_155' title='bbox 752 2263 932 2348; x_wconf 89' lang='lat' dir='ltr'>conscripti,</span> <span class='ocrx_word' id='word_1_156' title='bbox 955 2287 1054 2328; x_wconf 90' lang='lat' dir='ltr'>unum</span> <span class='ocrx_word' id='word_1_157' title='bbox 1070 2260 1103 2328; x_wconf 90' lang='lat' dir='ltr'>id</span> <span class='ocrx_word' id='word_1_158' title='bbox 1121 2272 1243 2348; x_wconf 82' lang='lat' dir='ltr'>speeta-</span> 
     </span>
     <span class='ocr_line' id='line_1_22' title="bbox 216 2353 1243 2440; baseline 0.001 -20"><span class='ocrx_word' id='word_1_159' title='bbox 216 2379 301 2434; x_wconf 92' lang='lat' dir='ltr'>mus,</span> <span class='ocrx_word' id='word_1_160' title='bbox 324 2379 419 2440; x_wconf 83' lang='lat' dir='ltr'>quarn</span> <span class='ocrx_word' id='word_1_161' title='bbox 437 2353 558 2421; x_wconf 88' lang='lat' dir='ltr'>nefaria·</span> <span class='ocrx_word' id='word_1_162' title='bbox 578 2379 656 2422; x_wconf 90' lang='lat' dir='ltr'>voce</span> <span class='ocrx_word' id='word_1_163' title='bbox 673 2358 825 2422; x_wconf 81' lang='lat' dir='ltr'>Lutorius</span> <span class='ocrx_word' id='word_1_164' title='bbox 844 2356 973 2422; x_wconf 84' lang='lat' dir='ltr'>Priscus</span> <span class='ocrx_word' id='word_1_165' title='bbox 995 2366 1133 2422; x_wconf 91' lang='lat' dir='ltr'>mentem</span> <span class='ocrx_word' id='word_1_166' title='bbox 1153 2381 1243 2424; x_wconf 87' lang='lat' dir='ltr'>suam</span> 
     </span>
     <span class='ocr_line' id='line_1_23' title="bbox 216 2450 1241 2536; baseline 0.001 -21"><span class='ocrx_word' id='word_1_167' title='bbox 216 2460 248 2516; x_wconf 88' lang='lat' dir='ltr'>et</span> <span class='ocrx_word' id='word_1_168' title='bbox 265 2473 356 2516; x_wconf 85' lang='lat' dir='ltr'>aures</span> <span class='ocrx_word' id='word_1_169' title='bbox 378 2450 539 2516; x_wconf 90' lang='lat' dir='ltr'>hominum</span> <span class='ocrx_word' id='word_1_170' title='bbox 556 2451 715 2536; x_wconf 89' lang='lat' dir='ltr'>polluerit,</span> <span class='ocrx_word' id='word_1_171' title='bbox 738 2474 840 2534; x_wconf 90' lang='lat' dir='ltr'>neque</span> <span class='ocrx_word' id='word_1_172' title='bbox 858 2474 964 2516; x_wconf 89' lang='lat' dir='ltr'>carcer</span> <span class='ocrx_word' id='word_1_173' title='bbox 980 2474 1082 2536; x_wconf 91' lang='lat' dir='ltr'>neque</span> <span class='ocrx_word' id='word_1_174' title='bbox 1094 2451 1241 2536; x_wconf 83' lang='lat' dir='ltr'>-laqueus,</span> 
     </span>
     <span class='ocr_line' id='line_1_24' title="bbox 216 2545 1244 2631; baseline 0.002 -23"><span class='ocrx_word' id='word_1_175' title='bbox 216 2566 257 2610; x_wconf 90' lang='lat' dir='ltr'>ne</span> <span class='ocrx_word' id='word_1_176' title='bbox 274 2545 402 2610; x_wconf 87' lang='lat' dir='ltr'>serviles</span> <span class='ocrx_word' id='word_1_177' title='bbox 421 2545 547 2628; x_wconf 89' lang='lat' dir='ltr'>quidem</span> <span class='ocrx_word' id='word_1_178' title='bbox 561 2545 714 2610; x_wconf 88' lang='lat' dir='ltr'>cruciatus</span> <span class='ocrx_word' id='word_1_179' title='bbox 733 2546 765 2609; x_wconf 93' lang='lat' dir='ltr'>in</span> <span class='ocrx_word' id='word_1_180' title='bbox 783 2567 856 2610; x_wconf 89' lang='lat' dir='ltr'>eum</span> <span class='ocrx_word' id='word_1_181' title='bbox 874 2546 1068 2611; x_wconf 86' lang='lat' dir='ltr'>suffecerint:</span> <span class='ocrx_word' id='word_1_182' title='bbox 1088 2545 1137 2610; x_wconf 92' lang='lat' dir='ltr'>sin</span> <span class='ocrx_word' id='word_1_183' title='bbox 1153 2545 1244 2631; x_wconf 87' lang='lat' dir='ltr'>flagi-</span> 
     </span>
     <span class='ocr_line' id='line_1_25' title="bbox 217 2638 1243 2727; baseline 0 -25"><span class='ocrx_word' id='word_1_184' title='bbox 217 2639 260 2702; x_wconf 86' lang='lat' dir='ltr'>tia</span> <span class='ocrx_word' id='word_1_185' title='bbox 277 2647 308 2702; x_wconf 89' lang='lat' dir='ltr'>et</span> <span class='ocrx_word' id='word_1_186' title='bbox 325 2638 464 2718; x_wconf 85' lang='lat' dir='ltr'>facinora</span> <span class='ocrx_word' id='word_1_187' title='bbox 478 2639 545 2703; x_wconf 89' lang='lat' dir='ltr'>sine</span> <span class='ocrx_word' id='word_1_188' title='bbox 552 2640 652 2727; x_wconf 18' lang='lat' dir='ltr'>‘modo</span> <span class='ocrx_word' id='word_1_189' title='bbox 666 2649 748 2717; x_wconf 89' lang='lat' dir='ltr'>sunt,</span> <span class='ocrx_word' id='word_1_190' title='bbox 768 2640 929 2725; x_wconf 90' lang='lat' dir='ltr'>suppliciis</span> <span class='ocrx_word' id='word_1_191' title='bbox 939 2662 982 2704; x_wconf 89' lang='lat' dir='ltr'>ae</span> <span class='ocrx_word' id='word_1_192' title='bbox 999 2640 1145 2705; x_wconf 89' lang='lat' dir='ltr'>remediis</span> <span class='ocrx_word' id='word_1_193' title='bbox 1158 2640 1243 2725; x_wconf 71' lang='lat' dir='ltr'>prin·¹</span> 
     </span>
     <span class='ocr_line' id='line_1_26' title="bbox 215 2731 1242 2820; baseline 0.003 -26"><span class='ocrx_word' id='word_1_194' title='bbox 215 2731 294 2816; x_wconf 86' lang='lat' dir='ltr'>cipis</span> <span class='ocrx_word' id='word_1_195' title='bbox 312 2731 483 2796; x_wconf 90' lang='lat' dir='ltr'>moderatio</span> <span class='ocrx_word' id='word_1_196' title='bbox 496 2733 710 2816; x_wconf 87' lang='lat' dir='ltr'>maiorumque</span> <span class='ocrx_word' id='word_1_197' title='bbox 728 2744 759 2798; x_wconf 94' lang='lat' dir='ltr'>et</span> <span class='ocrx_word' id='word_1_198' title='bbox 777 2745 882 2798; x_wconf 88' lang='lat' dir='ltr'>vestra</span> <span class='ocrx_word' id='word_1_199' title='bbox 899 2734 1043 2819; x_wconf 84' lang='lat' dir='ltr'>exempla</span> <span class='ocrx_word' id='word_1_200' title='bbox 1060 2743 1242 2820; x_wconf 90' lang='lat' dir='ltr'>temperant,</span> 
     </span>
     <span class='ocr_line' id='line_1_27' title="bbox 217 2825 1242 2905; baseline 0.003 -16"><span class='ocrx_word' id='word_1_201' title='bbox 217 2833 249 2889; x_wconf 88' lang='lat' dir='ltr'>et</span> <span class='ocrx_word' id='word_1_202' title='bbox 265 2847 347 2888; x_wconf 86' lang='lat' dir='ltr'>vana</span> <span class='ocrx_word' id='word_1_203' title='bbox 364 2848 384 2889; x_wconf 86' lang='lat' dir='ltr'>a</span> <span class='ocrx_word' id='word_1_204' title='bbox 401 2825 556 2904; x_wconf 87' lang='lat' dir='ltr'>scelestis,</span> <span class='ocrx_word' id='word_1_205' title='bbox 580 2827 663 2891; x_wconf 89' lang='lat' dir='ltr'>dicta</span> <span class='ocrx_word' id='word_1_206' title='bbox 680 2851 700 2891; x_wconf 91' lang='lat' dir='ltr'>a</span> <span class='ocrx_word' id='word_1_207' title='bbox 713 2828 877 2895; x_wconf 86' lang='lat' dir='ltr'>maleficiis</span> <span class='ocrx_word' id='word_1_208' title='bbox 900 2828 1062 2905; x_wconf 88' lang='lat' dir='ltr'>differunt,</span> <span class='ocrx_word' id='word_1_209' title='bbox 1086 2839 1134 2896; x_wconf 87' lang='lat' dir='ltr'>est</span> <span class='ocrx_word' id='word_1_210' title='bbox 1121 2828 1242 2892; x_wconf 91' lang='lat' dir='ltr'>tlocus</span> 
     </span>
     <span class='ocr_line' id='line_1_28' title="bbox 217 2919 1244 3016; baseline 0.002 -32"><span class='ocrx_word' id='word_1_211' title='bbox 217 2941 273 2984; x_wconf 88' lang='lat' dir='ltr'>sen</span> <span class='ocrx_word' id='word_1_212' title='bbox 275 2919 389 2984; x_wconf 87' lang='lat' dir='ltr'>tentiae</span> <span class='ocrx_word' id='word_1_213' title='bbox 414 2941 587 3004; x_wconf 91' lang='lat' dir='ltr'>perquam</span> <span class='ocrx_word' id='word_1_214' title='bbox 608 2943 709 3004; x_wconf 89' lang='lat' dir='ltr'>neque</span> <span class='ocrx_word' id='word_1_215' title='bbox 731 2921 805 2986; x_wconf 92' lang='lat' dir='ltr'>huic</span> <span class='ocrx_word' id='word_1_216' title='bbox 827 2922 1009 2988; x_wconf 84' lang='lat' dir='ltr'>delictum&#39;</span> <span class='ocrx_word' id='word_1_217' title='bbox 986 2942 1128 3016; x_wconf 80' lang='lat' dir='ltr'>impune</span> <span class='ocrx_word' id='word_1_218' title='bbox 1150 2922 1191 2986; x_wconf 92' lang='lat' dir='ltr'>sit</span> <span class='ocrx_word' id='word_1_219' title='bbox 1213 2932 1244 2986; x_wconf 90' lang='lat' dir='ltr'>et</span> 
     </span>
     <span class='ocr_line' id='line_1_29' title="bbox 216 3004 1244 3106; baseline 0.002 -28"><span class='ocrx_word' id='word_1_220' title='bbox 216 3035 274 3078; x_wconf 89' lang='lat' dir='ltr'>nos</span> <span class='ocrx_word' id='word_1_221' title='bbox 297 3004 478 3076; x_wconf 73' lang='lat' dir='ltr'>clementiae</span> <span class='ocrx_word' id='word_1_222' title='bbox 501 3013 593 3077; x_wconf 92' lang='lat' dir='ltr'>simul</span> <span class='ocrx_word' id='word_1_223' title='bbox 613 3036 653 3078; x_wconf 86' lang='lat' dir='ltr'>ac</span> <span class='ocrx_word' id='word_1_224' title='bbox 676 3015 776 3080; x_wconf 88' lang='lat' dir='ltr'>severi</span> <span class='ocrx_word' id='word_1_225' title='bbox 776 3016 848 3081; x_wconf 87' lang='lat' dir='ltr'>tatis</span> <span class='ocrx_word' id='word_1_226' title='bbox 871 3035 935 3080; x_wconf 89' lang='lat' dir='ltr'>non</span> <span class='ocrx_word' id='word_1_227' title='bbox 955 3006 1122 3101; x_wconf 80' lang='lat' dir='ltr'>paeniteat.</span> <span class='ocrx_word' id='word_1_228' title='bbox 1150 3038 1244 3106; x_wconf 87' lang='lat' dir='ltr'>saepe</span> 
     </span>
     <span class='ocr_line' id='line_1_30' title="bbox 217 3105 1245 3220; baseline 0.004 -50"><span class='ocrx_word' id='word_1_229' title='bbox 217 3105 323 3170; x_wconf 87' lang='lat' dir='ltr'>audivi</span> <span class='ocrx_word' id='word_1_230' title='bbox 339 3106 512 3191; x_wconf 88' lang='lat' dir='ltr'>principem</span> <span class='ocrx_word' id='word_1_231' title='bbox 534 3116 675 3178; x_wconf 88' lang='lat' dir='ltr'>nostrum</span> <span class='ocrx_word' id='word_1_232' title='bbox 698 3120 952 3194; x_wconf 88' lang='lat' dir='ltr'>conquerentem,</span> <span class='ocrx_word' id='word_1_233' title='bbox 977 3111 1004 3174; x_wconf 89' lang='lat' dir='ltr'>si</span> <span class='ocrx_word' id='word_1_234' title='bbox 1026 3110 1096 3194; x_wconf 91' lang='lat' dir='ltr'>quis</span> <span class='ocrx_word' id='word_1_235' title='bbox 1120 3119 1245 3220; x_wconf 83' lang='lat' dir='ltr'>sumpta</span> 
     </span>
     <span class='ocr_line' id='line_1_31' title="bbox 216 3201 1244 3297; baseline 0.003 -32"><span class='ocrx_word' id='word_1_236' title='bbox 216 3211 315 3267; x_wconf 91' lang='lat' dir='ltr'>morte</span> <span class='ocrx_word' id='word_1_237' title='bbox 332 3201 620 3269; x_wconf 84' lang='lat' dir='ltr'>misericordiam</span> <span class='ocrx_word' id='word_1_238' title='bbox 593 3226 660 3269; x_wconf 89' lang='lat' dir='ltr'>e1us</span> <span class='ocrx_word' id='word_1_239' title='bbox 678 3205 904 3297; x_wconf 83' lang='lat' dir='ltr'>praevenisset:</span> <span class='ocrx_word' id='word_1_240' title='bbox 923 3206 988 3270; x_wconf 84' lang='lat' dir='ltr'>vita</span> <span class='ocrx_word' id='word_1_241' title='bbox 1004 3206 1155 3270; x_wconf 72' lang='grc' dir='ltr'>Ιιιιιοιιι</span> <span class='ocrx_word' id='word_1_242' title='bbox 1146 3230 1180 3269; x_wconf 93' lang='lat' dir='ltr'>1n</span> <span class='ocrx_word' id='word_1_243' title='bbox 1197 3206 1244 3269; x_wconf 94' lang='lat' dir='ltr'>in-</span> 
     </span>
     <span class='ocr_line' id='line_1_32' title="bbox 216 3279 1244 3406; baseline 0.004 -46"><span class='ocrx_word' id='word_1_244' title='bbox 216 3305 305 3383; x_wconf 89' lang='lat' dir='ltr'>tegro</span> <span class='ocrx_word' id='word_1_245' title='bbox 327 3307 388 3374; x_wconf 85' lang='lat' dir='ltr'>est3</span> <span class='ocrx_word' id='word_1_246' title='bbox 415 3297 470 3380; x_wconf 88' lang='lat' dir='ltr'>qui</span> <span class='ocrx_word' id='word_1_247' title='bbox 491 3319 592 3406; x_wconf 83' lang='lat' dir='ltr'>neque</span> <span class='ocrx_word' id='word_1_248' title='bbox 615 3308 757 3364; x_wconf 87' lang='lat' dir='ltr'>servatus</span> <span class='ocrx_word' id='word_1_249' title='bbox 780 3299 813 3363; x_wconf 93' lang='lat' dir='ltr'>in</span> <span class='ocrx_word' id='word_1_250' title='bbox 834 3279 1008 3385; x_wconf 79' lang='lat' dir='ltr'>periculum</span> <span class='ocrx_word' id='word_1_251' title='bbox 1029 3300 1082 3365; x_wconf 92' lang='lat' dir='ltr'>rei</span> <span class='ocrx_word' id='word_1_252' title='bbox 1099 3299 1244 3385; x_wconf 86' lang='lat' dir='ltr'>publicae</span> 
     </span>
    </p>

    <p class='ocr_par' dir='ltr' id='par_1_5' title="bbox 169 3391 1322 4044">
     <span class='ocr_line' id='line_1_33' title="bbox 188 3391 1243 3478; baseline 0.004 -24"><span class='ocrx_word' id='word_1_253' title='bbox 188 3459 190 3469; x_wconf 64' lang='lat'><strong>.</strong></span> <span class='ocrx_word' id='word_1_254' title='bbox 217 3412 319 3477; x_wconf 91' lang='lat' dir='ltr'>neque</span> <span class='ocrx_word' id='word_1_255' title='bbox 339 3391 553 3457; x_wconf 86' lang='lat' dir='ltr'>interfectus</span> <span class='ocrx_word' id='word_1_256' title='bbox 544 3416 577 3456; x_wconf 91' lang='lat' dir='ltr'>m</span> <span class='ocrx_word' id='word_1_257' title='bbox 599 3393 778 3478; x_wconf 88' lang='lat' dir='ltr'>exemplum</span> <span class='ocrx_word' id='word_1_258' title='bbox 795 3394 862 3458; x_wconf 86' lang='lat' dir='ltr'>ibit</span> <span class='ocrx_word' id='word_1_259' title='bbox 891 3394 995 3458; x_wconf 91' lang='lat' dir='ltr'>studia</span> <span class='ocrx_word' id='word_1_260' title='bbox 1016 3394 1133 3471; x_wconf 89' lang='lat' dir='ltr'>illi,t</span> <span class='ocrx_word' id='word_1_261' title='bbox 1097 3403 1133 3457; x_wconf 90' lang='lat' dir='ltr'>ut</span> <span class='ocrx_word' id='word_1_262' title='bbox 1149 3394 1243 3478; x_wconf 87' lang='lat' dir='ltr'>plena</span> 
     </span>
     <span class='ocr_line' id='line_1_34' title="bbox 217 3485 1322 3581; baseline -0.001 -31"><span class='ocrx_word' id='word_1_263' title='bbox 217 3485 414 3564; x_wconf 83' lang='lat' dir='ltr'>vaecordiae,</span> <span class='ocrx_word' id='word_1_264' title='bbox 436 3487 481 3550; x_wconf 84' lang='lat' dir='ltr'>ita</span> <span class='ocrx_word' id='word_1_265' title='bbox 497 3486 753 3552; x_wconf 86' lang='lat' dir='ltr'>inaniaettfluxa</span> <span class='ocrx_word' id='word_1_266' title='bbox 775 3498 862 3566; x_wconf 86' lang='lat' dir='ltr'>sunt3</span> <span class='ocrx_word' id='word_1_267' title='bbox 885 3488 1129 3572; x_wconf 88' lang='lat' dir='ltr'>necquicquam</span> <span class='ocrx_word' id='word_1_268' title='bbox 1146 3511 1244 3574; x_wconf 86' lang='lat' dir='ltr'>grave</span> <span class='ocrx_word' id='word_1_269' title='bbox 1296 3542 1322 3581; x_wconf 62' lang='lat' dir='ltr'>a·</span> 
     </span>
     <span class='ocr_line' id='line_1_35' title="bbox 219 3580 1245 3668; baseline 0.005 -26"><span class='ocrx_word' id='word_1_270' title='bbox 219 3601 255 3642; x_wconf 91' lang='lat' dir='ltr'>ac</span> <span class='ocrx_word' id='word_1_271' title='bbox 274 3580 389 3644; x_wconf 89' lang='lat' dir='ltr'>serium</span> <span class='ocrx_word' id='word_1_272' title='bbox 403 3602 442 3644; x_wconf 87' lang='lat' dir='ltr'>ex</span> <span class='ocrx_word' id='word_1_273' title='bbox 460 3602 497 3644; x_wconf 91' lang='lat' dir='ltr'>co</span> <span class='ocrx_word' id='word_1_274' title='bbox 515 3590 646 3659; x_wconf 88' lang='lat' dir='ltr'>metuas,</span> <span class='ocrx_word' id='word_1_275' title='bbox 665 3582 719 3665; x_wconf 90' lang='lat' dir='ltr'>qui</span> <span class='ocrx_word' id='word_1_276' title='bbox 733 3605 863 3647; x_wconf 91' lang='lat' dir='ltr'>suorum</span> <span class='ocrx_word' id='word_1_277' title='bbox 880 3583 948 3668; x_wconf 92' lang='lat' dir='ltr'>ipse</span> <span class='ocrx_word' id='word_1_278' title='bbox 966 3582 1156 3668; x_wconf 87' lang='lat' dir='ltr'>flagitiorum</span> <span class='ocrx_word' id='word_1_279' title='bbox 1166 3605 1245 3667; x_wconf 92' lang='lat' dir='ltr'>pro-</span> 
     </span>
     <span class='ocr_line' id='line_1_36' title="bbox 218 3672 1245 3761; baseline 0.003 -24"><span class='ocrx_word' id='word_1_280' title='bbox 218 3672 299 3740; x_wconf 90' lang='lat' dir='ltr'>ditor</span> <span class='ocrx_word' id='word_1_281' title='bbox 311 3696 374 3738; x_wconf 91' lang='lat' dir='ltr'>non</span> <span class='ocrx_word' id='word_1_282' title='bbox 386 3674 523 3739; x_wconf 89' lang='lat' dir='ltr'>virorum</span> <span class='ocrx_word' id='word_1_283' title='bbox 537 3675 648 3740; x_wconf 87' lang='lat' dir='ltr'>animis</span> <span class='ocrx_word' id='word_1_284' title='bbox 663 3676 719 3742; x_wconf 88' lang='lat' dir='ltr'>sed</span> <span class='ocrx_word' id='word_1_285' title='bbox 731 3676 983 3742; x_wconf 91' lang='lat' dir='ltr'>muliercularum</span> <span class='ocrx_word' id='word_1_286' title='bbox 1001 3677 1130 3761; x_wconf 89' lang='lat' dir='ltr'>adrepit.</span> <span class='ocrx_word' id='word_1_287' title='bbox 1154 3676 1245 3741; x_wconf 87' lang='lat' dir='ltr'>cedat</span> 
     </span>
     <span class='ocr_line' id='line_1_37' title="bbox 219 3768 1245 3858; baseline 0.003 -27"><span class='ocrx_word' id='word_1_288' title='bbox 219 3776 324 3832; x_wconf 85' lang='lat' dir='ltr'>tamen</span> <span class='ocrx_word' id='word_1_289' title='bbox 340 3768 417 3834; x_wconf 91' lang='lat' dir='ltr'>urbe</span> <span class='ocrx_word' id='word_1_290' title='bbox 436 3769 574 3834; x_wconf 87' lang='lat' dir='ltr'>ethonis</span> <span class='ocrx_word' id='word_1_291' title='bbox 597 3770 724 3836; x_wconf 88' lang='lat' dir='ltr'>amissis</span> <span class='ocrx_word' id='word_1_292' title='bbox 740 3794 823 3855; x_wconf 90' lang='lat' dir='ltr'>aqua</span> <span class='ocrx_word' id='word_1_293' title='bbox 840 3781 871 3836; x_wconf 89' lang='lat' dir='ltr'>et</span> <span class='ocrx_word' id='word_1_294' title='bbox 893 3771 960 3858; x_wconf 83' lang='lat' dir='ltr'>igni</span> <span class='ocrx_word' id='word_1_295' title='bbox 983 3781 1133 3839; x_wconf 88' lang='lat' dir='ltr'>arceatur.</span> <span class='ocrx_word' id='word_1_296' title='bbox 1160 3770 1245 3854; x_wconf 89' lang='lat' dir='ltr'>quod</span> 
     </span>
     <span class='ocr_line' id='line_1_38' title="bbox 218 3861 1078 3950; baseline 0.006 -25"><span class='ocrx_word' id='word_1_297' title='bbox 218 3861 346 3945; x_wconf 88' lang='lat' dir='ltr'>perinde</span> <span class='ocrx_word' id='word_1_298' title='bbox 364 3885 477 3928; x_wconf 90' lang='lat' dir='ltr'>censeo</span> <span class='ocrx_word' id='word_1_299' title='bbox 495 3886 532 3928; x_wconf 91' lang='lat' dir='ltr'>ac</span> <span class='ocrx_word' id='word_1_300' title='bbox 550 3863 578 3928; x_wconf 91' lang='lat' dir='ltr'>si</span> <span class='ocrx_word' id='word_1_301' title='bbox 593 3863 665 3950; x_wconf 86' lang='lat' dir='ltr'>lege</span> <span class='ocrx_word' id='word_1_302' title='bbox 682 3864 854 3930; x_wconf 88' lang='lat' dir='ltr'>maiestatis</span> <span class='ocrx_word' id='word_1_303' title='bbox 872 3868 1058 3930; x_wconf 90' lang='lat' dir='ltr'>teneretur.“</span> <span class='ocrx_word' id='word_1_304' title='bbox 1076 3937 1078 3939; x_wconf 54' lang='grc'><strong>,</strong></span> 
     </span>
     <span class='ocr_line' id='line_1_39' title="bbox 169 3951 1245 4044; baseline 0 -23"><span class='ocrx_word' id='word_1_305' title='bbox 169 3975 199 4021; x_wconf 80' lang='grc' dir='ltr'>ιι</span> <span class='ocrx_word' id='word_1_306' title='bbox 285 3954 379 4022; x_wconf 86' lang='lat' dir='ltr'>Solus</span> <span class='ocrx_word' id='word_1_307' title='bbox 401 3957 526 4044; x_wconf 91' lang='lat' dir='ltr'>Lepido</span> <span class='ocrx_word' id='word_1_308' title='bbox 548 3959 713 4025; x_wconf 86' lang='lat' dir='ltr'>Rubellius</span> <span class='ocrx_word' id='word_1_309' title='bbox 738 3959 881 4024; x_wconf 87' lang='lat' dir='ltr'>Blandus</span> <span class='ocrx_word' id='word_1_310' title='bbox 904 3983 922 4024; x_wconf 92' lang='lat' dir='ltr'>e</span> <span class='ocrx_word' id='word_1_311' title='bbox 946 3951 1162 4025; x_wconf 89' lang='lat' dir='ltr'>consularibus</span> <span class='ocrx_word' id='word_1_312' title='bbox 1189 3958 1245 4022; x_wconf 88' lang='lat' dir='ltr'>ed-</span> 
     </span>
    </p>
   </div>
   <div class='ocr_carea' id='block_1_3' title="bbox 221 4049 1245 4140">
    <p class='ocr_par' dir='ltr' id='par_1_6' title="bbox 221 4049 1245 4140">
     <span class='ocr_line' id='line_1_40' title="bbox 221 4049 1245 4140; baseline 0.002 -28"><span class='ocrx_word' id='word_1_313' title='bbox 221 4049 331 4128; x_wconf 85' lang='lat' dir='ltr'>seusit3</span> <span class='ocrx_word' id='word_1_314' title='bbox 358 4053 453 4120; x_wconf 86' lang='lat' dir='ltr'>ceteri</span> <span class='ocrx_word' id='word_1_315' title='bbox 479 4053 663 4119; x_wconf 86' lang='lat' dir='ltr'>sententiam</span> <span class='ocrx_word' id='word_1_316' title='bbox 684 4052 849 4140; x_wconf 86' lang='lat' dir='ltr'>Agrippae</span> <span class='ocrx_word' id='word_1_317' title='bbox 875 4055 986 4131; x_wconf 88' lang='lat' dir='ltr'>secuti,</span> <span class='ocrx_word' id='word_1_318' title='bbox 1014 4055 1189 4135; x_wconf 89' lang='lat' dir='ltr'>ductusque</span> <span class='ocrx_word' id='word_1_319' title='bbox 1211 4050 1245 4114; x_wconf 94' lang='lat' dir='ltr'>in</span> 
     </span>
    </p>
   </div>
   <div class='ocr_carea' id='block_1_4' title="bbox 218 4145 1243 4232">
    <p class='ocr_par' dir='ltr' id='par_1_7' title="bbox 218 4145 1243 4232">
     <span class='ocr_line' id='line_1_41' title="bbox 218 4145 1243 4232; baseline 0.004 -26"><span class='ocrx_word' id='word_1_320' title='bbox 218 4164 376 4214; x_wconf 83' lang='lat' dir='ltr'>carcerem</span> <span class='ocrx_word' id='word_1_321' title='bbox 389 4145 517 4211; x_wconf 89' lang='lat' dir='ltr'>Priscus</span> <span class='ocrx_word' id='word_1_322' title='bbox 535 4170 573 4213; x_wconf 86' lang='lat' dir='ltr'>ac</span> <span class='ocrx_word' id='word_1_323' title='bbox 587 4147 910 4215; x_wconf 86' lang='lat' dir='ltr'>statimexanimatus.</span> <span class='ocrx_word' id='word_1_324' title='bbox 933 4149 966 4212; x_wconf 91' lang='lat' dir='ltr'>id</span> <span class='ocrx_word' id='word_1_325' title='bbox 980 4147 1125 4213; x_wconf 87' lang='lat' dir='ltr'>Tiberius</span> <span class='ocrx_word' id='word_1_326' title='bbox 1144 4145 1243 4232; x_wconf 86' lang='lat' dir='ltr'>solitis</span> 
     </span>
    </p>
   </div>
   <div class='ocr_carea' id='block_1_5' title="bbox 0 0 1389 4874">
    <p class='ocr_par' dir='ltr' id='par_1_8' title="bbox 0 0 1389 4874">
     <span class='ocr_line' id='line_1_42' title="bbox 0 0 1389 4874; baseline 0 0"><span class='ocrx_word' id='word_1_327' title='bbox 0 0 1389 4874; x_wconf 95' lang='lat' dir='ltr'> </span> 
     </span>
    </p>
   </div>
  </div>
 </body>
</html>
