2760 4874
407 361 612 420 ANNALIUM
629 361 704 418 LIB.
718 362 771 419 111.
790 365 909 421 17-20.
1123 357 1165 422 89

145 464 166 504 ρ.
177 451 218 493 cn.
228 452 261 492 ao.

143 519 274 586 Pisonis·
288 518 461 583 radendum
478 518 569 584 fastis
588 520 722 598 censuit,
745 529 866 605 partem
889 520 1042 589 bonorum
1064 524 1167 611 publi-

143 613 290 690 candam,
308 635 381 698 pars
399 623 435 677 ut
453 611 512 677 Cn.
525 612 636 679 Pisoni
652 614 717 679 filio
734 616 955 682 concederetur
971 618 1059 702 isque
1077 642 1167 705 prae-

142 730 257 773 nomen
274 716 423 784 mutaret3
441 706 489 772 M.
507 707 585 773 Piso
603 718 697 772 exuta
714 708 864 794 dignitate
882 720 913 775 et
931 721 1059 797 accepto
1076 715 1167 796 quin-

142 800 274 886 quagies
300 800 443 864 sestertio
468 800 501 864 in
527 801 636 866 decem
662 824 760 866 annos
788 802 990 889 relegaretur,
1017 828 1166 872 concessa

141 894 312 960 Plancinae
329 893 542 959 incolumitate
560 894 601 959 ob
618 917 728 981 preces
746 895 922 982 Augustae.

205 987 311 1052 Multa
336 1009 377 1051 ex
399 1009 436 1052 ea
458 989 612 1054 sententia
636 989 778 1074 mitigata
804 1000 877 1054 suut
902 1015 921 1055 a
945 991 1098 1077 principe:
1124 1016 1164 1059 ne
1185 1014 1215 1063 18

141 1104 257 1147 nomen
273 1080 400 1146 Pisonis
418 1081 509 1147 fastis
527 1083 727 1161 eximeretur,
746 1084 870 1166 quando
887 1084 935 1150 M.
952 1086 1092 1165 Antonii,
1111 1090 1165 1171 qui

142 1175 260 1241 bellum
277 1175 395 1260 patriae
412 1175 549 1253 fecisset,
568 1176 630 1240 Iuli
647 1176 791 1254 Antonii,
810 1178 864 1260 qui
881 1180 1008 1245 domum
1026 1179 1165 1268 Augusti

143 1270 302 1347 violasset,
316 1279 478 1334 manerent
483 1295 492 1349 3
507 1280 538 1335 et
546 1270 594 1334 M.
603 1270 753 1336 Pisonem
765 1272 953 1358 ignominiae
964 1276 1078 1339 exemit
1091 1299 1165 1341 con-

143 1363 298 1447 cessitque
321 1364 350 1428 ei
364 1373 501 1449 paterna
518 1363 614 1442 bona,
637 1366 713 1430 satis
731 1365 853 1445 firmus,
868 1444 875 1461 .
898 1375 913 1437 t
931 1391 1025 1454 saepe
1047 1377 1177 1435 memo-'

142 1458 224 1534 ravi,
242 1459 409 1523 adversum
430 1459 596 1543 pecuniam
618 1468 650 1523 et
668 1469 733 1523 tum
750 1461 875 1545 pudore
948 1463 1052 1528 olutae
1069 1463 1165 1528 Plan-

142 1552 231 1616 cinae
252 1551 447 1637 placabilior;
474 1562 567 1635 atque
588 1553 686 1630 idem,
714 1575 785 1617 cum
807 1553 951 1622 Valerius
972 1554 1163 1622 Messalinus
1216 1599 1219 1605 -

142 1645 269 1730 signum
287 1667 416 1709 aureum
433 1645 467 1708 in
488 1646 565 1710 aede
582 1645 695 1710 Martis
713 1646 847 1725 Ultoris,
872 1646 1008 1713 Caecina
1027 1648 1164 1715 Severus

142 1761 230 1803 aram
251 1737 373 1802 Ultioni
394 1739 591 1803 statuendam
613 1740 822 1817 censuissent,
848 1742 1020 1826 prohibuit,
1047 1742 1087 1807 ob
1111 1765 1165 1808 ex-

141 1842 247 1897 ternas
269 1855 307 1897 ea
327 1832 472 1897 victorias
497 1833 611 1897 sacrari
633 1833 792 1899 dictitans:
815 1835 986 1901 domestica
1007 1838 1090 1902 mala
1111 1839 1164 1902 tri-

144 1927 229 1991 stitia
242 1926 418 2012 operienda.
438 1927 599 1991 addiderat
611 1927 803 1993 Messalinus
817 1929 943 1995 Tiberio
954 1940 985 1995 et
997 1930 1163 2017 Augustae

142 2031 174 2085 et
190 2019 348 2085 Antoniae
370 2027 401 2084 et
421 2019 617 2107 Agrippinae
638 2022 807 2105 Drusoque
830 2023 870 2089 ob
892 2025 1061 2089 vindictam
1083 2022 1164 2091 Ger-

141 2113 256 2178 manici
282 2123 387 2199 grates
413 2116 552 2200 agendas
579 2116 786 2200 omiseratque
810 2115 935 2181 Claudii
959 2119 1162 2183 mentionem:
1263 2173 1268 2179 .

105 2262 110 2265 .
142 2217 174 2272 et
194 2207 403 2275 Messalinum
427 2209 555 2292 quidem
575 2209 617 2273 L.
639 2207 802 2293 Asprenas
829 2220 939 2274 senatu
965 2233 1069 2275 coram
1093 2233 1164 2295 per·

141 2309 285 2366 contatus
299 2311 347 2366 est
359 2324 400 2366 an
412 2303 550 2386 prudens
563 2303 761 2387 praeterisset
766 2327 775 2379 ;
789 2324 829 2366 aa
839 2312 905 2366 tum
915 2304 1041 2368 demum
1049 2326 1163 2368 nomen

142 2392 268 2459 Claudii
284 2394 476 2480 adscriptum
494 2406 555 2474 est3
574 2396 659 2473 mihi,
678 2405 794 2478 quanto
812 2396 902 2481 plura
917 2396 1088 2460 recentium
1107 2419 1163 2461 seu

140 2496 282 2552 veterum
302 2488 442 2566 revolvo,
470 2498 556 2554 tanto
578 2489 678 2575 magis
700 2488 834 2553 ludibria
858 2512 961 2553 rerum
987 2488 1163 2554 mortalium

141 2581 261 2646 cunctis
279 2581 312 2650 in
329 2583 462 2668 negotiis
485 2582 703 2650 obversantur:
722 2583 837 2667 qnippe
854 2582 952 2661 fama,
976 2605 1046 2668 spe,
1069 2602 1164 2647 vene-

140 2674 259 2740 ratione
281 2676 385 2761 potius
408 2699 515 2741 omnes
542 2676 778 2742 destinabantur
801 2676 932 2762 imperio
954 2699 1164 2761 quamquem

140 2767 281 2847 futurum
298 2770 470 2855 principem
487 2770 613 2836 fortuna
630 2772 664 2835 in
681 2771 802 2837 occulto
820 2771 954 2837 tenebat.

203 2861 320 2928 Paucis
337 2873 410 2948 post
428 2863 538 2930 diebus
559 2863 677 2930 Caesar
694 2876 801 2931 auctor
819 2867 940 2933 senatui
957 2866 1018 2931 fuit
1035 2866 1162 2932 Vitellio
1184 2886 1213 2934 ra

141 2965 235 3038 atque
255 2956 394 3022 Veranio
416 2967 447 3022 et
470 2955 607 3024 Servaeo
631 2960 804 3024 sacerdotia
825 2960 1002 3046 tribuendi,
1020 2961 1163 3026 Fulcinio

142 3049 327 3136 suffragium
340 3052 381 3116 ad
393 3051 528 3137 bonores
541 3052 696 3137 pollicitus
709 3054 830 3118 monuit
842 3077 882 3119 ne
900 3054 1079 3121 facundiam
1097 3056 1176 3119 vio·⁴
1229 3114 1233 3124 ,

141 3143 470 3230 lentiapraecipitaret.
492 3146 520 3210 is
529 3146 600 3210 finis
609 3146 670 3211 fuit
678 3147 857 3211 ulciscenda
867 3145 1046 3212 Germanici
1055 3158 1162 3225 morte,

51 3244 71 3303 ἶ
142 3260 205 3302 non
222 3238 315 3302 modo
334 3238 418 3323 apud
434 3239 504 3305 illos
521 3239 664 3305 homines
682 3241 737 3323 qui
755 3250 820 3303 tum
839 3240 983 3326 agebant,
1002 3242 1097 3306 etiam
1114 3263 1164 3305 se-

141 3331 227 3398 cutis
240 3331 431 3417 temporibus
444 3333 531 3399 vario
539 3356 663 3399 rumore
677 3334 803 3399 iactata:
823 3335 902 3398 adeo
919 3333 1056 3397 maxima
1069 3355 1164 3416 quae-

141 3447 203 3510 que
221 3426 368 3513 ambigua
381 3437 462 3506 sunt,
480 3429 627 3499 dumalii
644 3451 769 3512 quoquo
782 3429 876 3493 modo
894 3428 1000 3492 audita
1015 3450 1072 3513 pro
1091 3449 1164 3492 con-

141 3519 238 3604 pertis
259 3519 389 3599 habent,
417 3521 470 3587 alii
491 3545 566 3588 vera
587 3523 621 3587 in
638 3522 826 3587 contrarium
848 3531 985 3599 vertunt,
1008 3531 1039 3586 et
1059 3521 1164 3606 gliscit

141 3622 307 3696 utrumque
324 3617 514 3700 posteritate,
537 3626 570 3681 at
585 3616 712 3682 Drusus
730 3616 807 3682 urbe
825 3638 969 3702 egressus
987 3615 1163 3700 repetendis

142 3709 300 3792 auspiciis,
314 3733 499 3776 moxovans
512 3712 642 3789 introiit3
656 3732 835 3796 paucosque
843 3720 916 3795 post
924 3709 991 3773 dies
1000 3709 1162 3793 Vipsania,

141 3810 241 3865 mater
267 3802 348 3881 eius,
375 3805 523 3883 excessit,
555 3829 618 3870 una
643 3805 782 3869 omnium
807 3803 969 3889 Agrippae
995 3802 1163 3868 liberorum

141 3894 210 3959 miti
227 3895 327 3961 obitu:
346 3920 419 3963 nam
433 3909 552 3965 ceteros
566 3899 766 3965 manifestum
779 3899 861 3964 ferro
878 3898 929 3963 vel
947 3898 1097 3962 creditum
1115 3910 1164 3964 est

141 4009 262 4054 veneno
280 3999 333 4055 aut
351 3991 435 4056 farne
453 3993 615 4059 extinctos.

204 4081 329 4172 1⁴]on
346 4107 427 4151 anno
442 4085 635 4166 Tacfarinas,
654 4105 748 4173 quem
759 4083 877 4173 [priore
890 4083 1023 4172 aestate]
1037 4086 1163 4171 pulsum
1181 4104 1214 4151 20
