2760 4874
330 514 398 583 tart
413 504 499 589 qaid'
509 478 982 645 obmarricatosppsmwm
950 512 1037 583 plebs
1045 466 1240 567 bonorcsnon
1247 508 1375 585 inperii·

154 342 749 723 ιιοιιιῐιεξιιιιοιᾱοιὶοιιιι
738 604 852 661 quoqne
887 606 945 643 ram
959 588 984 643 si
998 605 1111 643 narrem
1118 588 1206 658 bella,
1221 606 1239 644 a
1253 588 1365 660 quibus

228 690 246 723 ι
331 684 465 739 cosperrn
520 683 614 722 arores
626 666 726 735 nostri,
746 672 775 721 et
788 682 846 737 quo
859 660 1098 757 processerimus,
1105 682 1208 721 vereor
1217 680 1258 721 ne
1272 666 1364 723 nimio

328 744 499 801 insolennor
521 761 584 799 esse
606 744 706 799 ridear
728 748 758 799 et
779 742 927 815 quaesisse
950 742 1133 797 iactationem
1155 742 1267 813 gloriae
1294 760 1363 813 pro-

263 828 288 879 so'
330 822 406 877 lati'
399 822 496 893 nuperi
514 822 587 877 ultra
601 820 753 876 Oceanum.
781 820 833 874 sed
849 819 918 874 illoc
934 819 1033 890 potius
1049 824 1183 874 revertar.
1215 819 1365 875 civitatem

220 974 249 1053 ⁸.
331 1000 346 1049 .'
348 1030 813 1047 ............................
823 923 864 1046 ll.
874 1031 1224 1047 .....................
1233 990 1270 1045 lsi
1291 1008 1363 1046 sane

330 1087 405 1127 ιιοιο
425 1109 534 1125 .......
570 1068 651 1122 divus
672 1066 741 1139 Aug
749 1108 874 1124 ........
899 1088 935 1122 no
945 1109 1036 1124 ......
1047 1072 1058 1123 l
1093 1075 1136 1123 set
1160 1073 1288 1157 ‘patruus
1315 1069 1363 1123 Ti.

274 1182 297 1223 0
331 1148 438 1205 Gnsar
455 1162 566 1200 omnem
583 1144 683 1199 florem
700 1144 806 1218 ubique
826 1147 999 1200 coloniarum
1017 1163 1051 1200 ac
1064 1144 1289 1235 municipiorum,
1308 1145 1362 1200 bo·

330 1241 432 1280 ιιοιιιιιι
445 1223 555 1277 seilicet
567 1222 691 1277 virorum
706 1228 735 1277 et
752 1223 977 1293 locupletium,
969 1241 998 1277 ιιι
1012 1224 1066 1277 hae
1081 1223 1159 1277 curia
1177 1239 1241 1277 esse
1259 1223 1363 1277 voluit.

275 1320 288 1357 ι
298 1290 400 1373 quid
418 1300 511 1371 orgo?
545 1316 604 1353 non
621 1299 738 1354 Italicus
761 1307 876 1356 senator
897 1300 1066 1371 provinciali
1087 1300 1184 1370 potior
1201 1298 1268 1354 cst?
1304 1299 1364 1354 iarn

330 1379 412 1434 robis
427 1396 490 1433 cum
503 1377 578 1431 hanc
590 1383 701 1447 partem
713 1394 849 1434 censurae
863 1396 943 1433 meac
962 1378 1122 1449 adprobare
1138 1392 1272 1447 coepero,
1291 1376 1364 1448 quid

332 1458 367 1512 do
382 1474 416 1511 ca
429 1472 461 1510 rc
475 1454 607 1523 sentiam,
625 1455 712 1509 rebus
731 1456 889 1510 ostendam.
914 1456 1015 1510 sedne
1029 1453 1219 1525 provinciales
1234 1453 1363 1524 quidem,

332 1533 458 1587 simodo
477 1548 578 1587 ornare
597 1531 704 1586 curiam
720 1533 859 1602 poterint,
878 1532 1038 1587 reiciendas
1056 1536 1134 1601 puto.

296 1609 484 1667 Ornatissima
515 1624 582 1662 ecce
614 1609 729 1662 colonia
760 1608 1012 1680 valentissimaque
1038 1608 1243 1665 Viennensium
1276 1625 1364 1678 quam

264 1704 289 1743 ro
331 1693 419 1759 longo
436 1684 492 1739 iam
509 1690 637 1753 ternpore
655 1690 802 1739 senatores
824 1685 891 1739 hnic
909 1685 1004 1740 curiae
1026 1684 1154 1739 confert!
1182 1702 1217 1738 ex
1236 1701 1297 1755 qua
1316 1702 1363 1739 co-

330 1760 409 1818 lonis
421 1761 496 1814 inter
508 1776 615 1830 paucos
626 1761 765 1831 equestris
775 1762 881 1817 ordinis
892 1767 1096 1831 ornamentum,
1106 1760 1310 1827 L.Vestinum,
1320 1763 1363 1817 fa·

331 1838 517 1895 miliarissime
528 1837 616 1909 diligo
627 1844 657 1892 et
670 1837 812 1910 hodieque
825 1840 856 1893 in
864 1841 952 1895 rebus
966 1839 1036 1894 meis
1051 1838 1180 1907 detineo,
1199 1838 1281 1892 cuius
1291 1839 1364 1895 libe·

330 1916 501 1972 riiruantur
515 1932 622 1986 quaeso
636 1914 726 1986 primo
746 1916 968 1972 sacerdotiorum
986 1918 1090 1987 gradm
1108 1917 1278 1986 postmodo
1299 1934 1364 1971 curn

332 1995 413 2050 annis
428 1992 583 2064 promoturi
597 1993 744 2063 dignitatis
760 2010 827 2048 suae
841 1993 1023 2049 incrementa.
1050 1998 1083 2048 ut
1096 1994 1186 2047 dirum
1199 2009 1308 2048 nomen
1323 1994 1364 2049 la·

278 2088 287 2105 ¹
332 2072 421 2127 tronis
431 2072 638 2139 taceam,etodi
648 2071 719 2124 illud
728 2070 928 2140 palaestricum
937 2070 1192 2142 prodigium,quod
1201 2072 1364 2127 anteindo·

332 2168 406 2204 mum
416 2148 594 2204 consulatum
603 2147 705 2216 intulit,
717 2164 801 2218 quam
810 2147 923 2202 colonia
933 2165 986 2203 sua
996 2148 1118 2202 solidum
1127 2147 1249 2202 civitatis
1258 2148 1366 2205 Roma·

332 2244 386 2281 nac
401 2224 571 2280 beneficium
586 2230 738 2279 consecuta
748 2230 799 2278 cst.
818 2225 895 2279 idem
904 2226 939 2280 de
950 2224 1039 2280 fratre
1054 2225 1114 2280 eins
1129 2242 1245 2295 possum
1256 2225 1365 2295 dicere,

331 2302 488 2358 miserabili
515 2302 630 2372 quidem
657 2300 909 2373 indignissimoquc
936 2303 992 2357 hoc
1015 2319 1096 2372 casu,
1123 2307 1156 2356 ut
1177 2301 1261 2356 vobis
1283 2303 1365 2357 utilis

334 2385 448 2435 senator
466 2394 529 2433 esse
548 2395 605 2432 non
623 2378 723 2448 possIt.

264 2453 1366 2526 aoTempusostiam,Ti.CaesarGermanice,detegcrctepatribusconscriptis

335 2551 390 2604 quo
408 2533 509 2587 tendat
527 2533 618 2587 oratio
632 2538 693 2586 tua:
711 2532 767 2586 iarn
782 2531 856 2586 cuim
869 2533 905 2585 ad
920 2538 1061 2586 exnemos
1074 2530 1147 2586 fines
1162 2530 1277 2586 Galliac
1290 2531 1365 2588 Nar·

333 2610 470 2665 bonensis
488 2608 599 2665 venisti.

300 2689 359 2742 'Pot
372 2703 438 2742 eece
451 2686 577 2756 insignes
590 2685 716 2754 invenes,
727 2691 797 2756 quot
809 2685 929 2754 intueor,
939 2702 997 2739 non
1011 2685 1103 2755 magis
1118 2690 1183 2738 sunt
1195 2685 1366 2755 paenitendi

335 2769 495 2831 senatores,
519 2780 602 2833 quarn
620 2763 747 2833 paenitet
764 2761 923 2832 Persicum,
946 2762 1152 2816 nobilissimum
1169 2763 1273 2831 virum,
1296 2765 1366 2818 ami-

265 2852 290 2891 ra
334 2855 398 2893 cum
418 2855 525 2907 meum,
546 2840 621 2892 inter
642 2839 779 2909 imagines
806 2839 943 2892 maiorum
970 2856 1083 2893 suorum
1105 2838 1287 2909 Allobrogici
1314 2859 1366 2895 no·

333 2931 398 2968 men
406 2914 512 2983 legere.
532 2914 609 2983 quod
619 2915 642 2967 si
651 2915 723 2969 haec
737 2915 777 2968 ita
787 2932 849 2969 csse
861 2916 1036 2985 consentitis,
1047 2917 1116 2987 quid
1129 2917 1205 2970 ultra
1218 2916 1366 2972 desidera-

333 2992 370 3045 tis
389 3008 474 3061 quam
492 2995 525 3042 ut
542 2990 625 3044 vobis
644 2991 734 3061 digito
759 2992 951 3046 demonstrem
973 2994 1065 3047 solum
1086 2994 1179 3062 ipsum
1195 2994 1272 3047 ultra
1290 2994 1365 3049 fines

333 3068 498 3139 provinciae
521 3068 716 3123 Narbonensis
744 3068 800 3122 iam
821 3069 904 3123 vobis
928 3076 1076 3125 senatores
1098 3070 1221 3139 mittere,
1246 3073 1365 3141 quando

334 3164 368 3200 ex
381 3147 539 3215 Luguduno
560 3145 667 3200 habere
693 3163 746 3201 nos
773 3145 865 3199 nostri
892 3146 998 3199 ordinis
1024 3147 1100 3201 viros
1127 3164 1185 3201 non
1211 3148 1365 3216 paenitet?

267 3236 278 3249 ⁶
333 3222 429 3275 timide
444 3221 566 3291 quidem,
584 3239 612 3291 p.
623 3239 656 3291 c.,
675 3239 806 3292 egressus
821 3224 957 3277 adsuetos
971 3221 1125 3277 familiares
1136 3240 1190 3293 qne
1200 3223 1283 3277 vobis
1297 3241 1364 3293 pro-

334 3299 490 3353 vinciarum
515 3299 650 3353 terminos
678 3317 751 3368 sum,
781 3300 832 3353 sed
859 3299 993 3354 destricte
1015 3300 1072 3354 iam
1096 3305 1224 3354 comatae
1250 3299 1366 3356 Galliae

336 3393 423 3429 causa
436 3376 549 3444 agenda
564 3381 615 3430 est.
637 3377 667 3429 in
678 3392 735 3446 qua
745 3376 768 3429 si
779 3376 906 3447 quiahoc
920 3375 1056 3445 intuetur,
1067 3378 1144 3446 quod
1158 3376 1234 3431 bello
1249 3393 1302 3446 per
1316 3378 1365 3432 de-

336 3469 397 3506 cem
419 3468 510 3505 annos
533 3458 720 3507 exercuerunt
743 3453 837 3506 divom
859 3452 976 3520 Iulium,
999 3453 1074 3508 idem
1097 3458 1225 3523 opponat
1249 3459 1366 3507 centum

336 3545 474 3583 annorum
495 3528 666 3583 immobilem
694 3527 780 3582 fidem
802 3529 1027 3599 obsequiumque
1054 3530 1149 3583 multis
1177 3528 1297 3598 trepidis
1321 3548 1365 3584 rc-

283 3626 290 3636 ·
336 3607 389 3660 bus
403 3604 508 3658 nostris
522 3606 673 3676 plusquam
687 3611 841 3676 expertum.
859 3606 902 3659 illi
913 3606 988 3676 patri
1001 3624 1065 3661 mco
1075 3607 1170 3660 Druso
1182 3605 1367 3660 Germaniam

337 3681 481 3752 subigenti
503 3686 593 3737 tutam
615 3683 709 3753 quiete
732 3700 783 3736 sua
806 3699 990 3754 securamque
1008 3700 1025 3738 a
1043 3689 1124 3754 tergo
1142 3699 1244 3753 pacem
1266 3701 1366 3753 praes-

336 3760 469 3828 titerunt,
488 3765 517 3813 et
534 3759 649 3830 quidem
666 3764 876 3816 cumabcensus
894 3776 969 3814 novo
985 3766 1045 3814 tum
1059 3776 1144 3830 opere
1159 3759 1231 3813 etin
1249 3757 1288 3814 ad
1303 3760 1367 3814 suie-

336 3841 367 3888 to
395 3835 487 3890 Gallis
518 3837 555 3889 ad
586 3836 693 3890 bellum
721 3844 857 3891 avocatus
884 3842 968 3891 essct.
1005 3838 1082 3907 quod
1109 3854 1181 3906 opus
1209 3854 1296 3907 quam
1322 3854 1367 3891 ar-

339 3913 423 3965 duum
441 3912 477 3966 sit
493 3913 590 3982 nobis,
608 3930 684 3967 nunc
702 3929 765 3966 cum
782 3912 914 3983 maxime,
937 3930 1021 3983 quam
1039 3914 1081 3967 vis
1099 3913 1171 3967 nihil
1188 3914 1368 3985 ultraquam

269 4006 295 4047 ιο
338 3992 370 4039 ut
395 3988 509 4057 publice
537 3995 623 4044 notae
651 3989 708 4043 sint
737 3990 891 4044 facultates
923 3995 1038 4046 nostrae
1073 3990 1250 4062 exquiratur,
1282 3991 1367 4046 nimis

338 4080 442 4133 magno
462 4067 652 4135 experimento
672 4066 878 4138 cognoscimus.
