2760 4874
395 400 600 458 ANNALIUM
617 401 692 456 LIB.
706 402 773 456 XII.
790 402 912 460 41-44.
1102 395 1166 461 215

139 505 160 542 p.
171 491 212 532 Ch.
223 492 255 530 51.

138 560 301 624 devinctos
317 557 477 636 credebat3
490 558 586 644 igitur
594 558 725 623 distrahi
738 559 881 625 cohortes
894 560 1013 627 ambitu
1022 563 1165 642 duorum,

138 664 169 718 et
187 654 214 718 si
232 652 272 718 ab
290 675 353 716 uno
370 662 565 738 regerentur,
588 652 786 717 intentiorem
807 654 875 719 fore
897 656 1092 741 disciplinam
1112 661 1167 723 ad-

139 756 302 812 severante
324 768 435 822 uxore,
459 746 644 810 transfertur
664 747 805 834 regimen
827 748 1001 814 cohortium
1023 751 1064 815 ad
1085 752 1166 816 Bur-

138 865 209 905 rum
225 840 409 917 Afranium,
433 840 578 925 egregiae
600 840 742 906 militaris
759 842 877 919 famae,
899 867 1033 929 gnarum
1050 855 1165 923 tamen,

138 936 228 1000 ouius
248 944 358 1019 sponte
370 935 598 1019 praeficeretur.
623 956 714 999 suum
732 958 857 1019 quoque
874 937 1036 1023 fastigium
1048 938 1167 1025 Agrip-

138 1031 214 1115 pina
227 1029 375 1093 extollere
388 1028 495 1095 altius:
514 1038 660 1113 carpento
675 1027 866 1115 Capitolium
879 1030 1010 1117 ingredi,
1029 1034 1084 1115 qui
1096 1056 1165 1097 mos

140 1123 355 1188 sacerdotibus
379 1132 411 1186 et
428 1122 524 1187 sacris
548 1123 717 1205 antiquitus
741 1146 908 1189 concessus
935 1127 1166 1191 venerationem

138 1217 276 1303 augebat
293 1216 441 1293 feminae,
460 1238 555 1299 quam
573 1216 758 1301 imperatore
775 1217 923 1302 genitam,
943 1242 1081 1284 sororem
1098 1221 1166 1286 eius

138 1312 193 1395 qui
210 1334 313 1375 rerum
330 1311 448 1396 potitus
467 1311 508 1376 sit
529 1320 561 1375 et
578 1312 744 1398 coniugem
762 1322 794 1376 et
810 1322 942 1377 matrem
960 1313 1073 1392 fuisse,
1097 1316 1168 1378 uni-

139 1429 212 1470 cum
229 1406 370 1470 adhunc
392 1406 476 1469 diem
498 1406 675 1491 exemplum
695 1415 752 1471 est
778 1407 859 1471 inter
876 1430 956 1490 quae
978 1409 1165 1494 praecipuus

137 1509 350 1586 propugnator
371 1500 438 1563 eius
457 1499 617 1578 Vitellius,
641 1500 835 1565 validissima
855 1503 969 1587 gratia,
993 1512 1094 1566 aetate
1112 1525 1167 1566 ex-

138 1605 238 1658 trema
254 1632 296 1640 —
314 1594 392 1657 adeo
410 1594 547 1658 incertae
565 1604 638 1658 sunt
654 1595 829 1680 potentium
846 1618 897 1661 res
911 1635 953 1644 -
967 1597 1166 1661 accusatione
1200 1588 1205 1601 ⁸

137 1687 314 1771 corripitur,
334 1687 492 1751 deferente
509 1687 601 1753 Iunio
619 1689 714 1774 Lupo
732 1699 889 1754 senatore:
907 1689 935 1754 is
954 1690 1083 1754 crimina
1100 1714 1167 1754 ma-

136 1781 258 1845 iestatis
285 1790 316 1844 et
342 1781 520 1865 cupidinem
546 1782 668 1866 imperii
691 1781 882 1860 obiectabat3
907 1782 1166 1868 praebuissetque

137 1898 229 1939 aures
244 1874 372 1950 Caesar,
391 1874 452 1939 nisi
465 1874 660 1960 Agrippinae
678 1877 771 1940 minis
789 1876 890 1962 magis
908 1899 1003 1959 quam
1020 1877 1166 1962 precibus

136 1979 275 2034 mutatus
295 1977 394 2044 esset,
417 1979 453 2032 ut
470 1971 644 2034 accusatori
661 1991 745 2052 aqua
765 1979 859 2053 atque
876 1970 943 2056 igni
959 1971 1167 2035 interdiceret:

137 2064 290 2129 hactenus
309 2062 455 2127 Vitellius
474 2062 624 2129 voluerat.

200 2157 305 2221 Multa
317 2179 355 2221 eo
369 2179 451 2220 anno
464 2157 607 2243 prodigia
624 2172 770 2223 meret
788 2158 946 2221 insessum
959 2156 1034 2221 diris
1053 2155 1164 2222 avibus
1182 2175 1214 2223 43

139 2251 339 2337 Capitolium,
354 2250 471 2315 crebris
485 2248 727 2314 terraemotibus
737 2256 904 2335 proruptae
913 2248 1034 2325 domus,
1043 2251 1165 2314 acdum

137 2345 231 2409 latius
253 2345 414 2420 metuitur,
438 2343 644 2429 trepidatione
665 2343 754 2430 vulgi
775 2343 931 2408 invalidus
953 2342 1086 2427 quisque
1109 2342 1165 2408 ob-

137 2440 216 2517 triti3
239 2438 368 2524 frugum
385 2460 510 2521 quoque
532 2447 657 2524 egestas
675 2448 707 2502 et
723 2449 791 2503 orta
808 2460 848 2502 ex
865 2454 911 2503 eo·
924 2437 1025 2502 fames
1043 2439 1077 2503 in
1093 2460 1166 2522 pro-

137 2533 258 2618 digium
276 2532 495 2616 accipiebatur.
517 2554 576 2597 nec
594 2532 708 2597 occulti
722 2541 842 2596 tantum
860 2542 1005 2614 questus3
1024 2532 1080 2596 sed
1097 2532 1166 2595 iura

136 2627 318 2691 reddentem
329 2625 498 2690 Claudium
507 2626 733 2690 circumvasere
743 2622 930 2691 clamoribus
939 2625 1082 2702 turbidis,
1096 2625 1167 2710 pnl-

138 2742 270 2802 sumque
287 2720 321 2783 in
343 2728 515 2782 extremam
535 2718 596 2782 fori
612 2730 733 2805 partem
750 2720 782 2783 vi
799 2718 967 2806 urgebant,
990 2719 1090 2783 donec
1107 2719 1166 2782 mi·

138 2814 226 2878 litum
244 2812 340 2899 globo
357 2813 499 2877 infensos
517 2814 665 2898 perrupit
688 2813 866 2896 quindecim
879 2814 1001 2877 dierum
1018 2813 1167 2877 alimenta

137 2906 222 2983 urbi,
240 2929 304 2970 non
321 2905 470 2992 amplius,
490 2907 684 2991 superfuisse
701 2908 853 2985 constitit3
876 2929 1052 2993 magnaque
1070 2907 1166 2970 deum

137 3000 329 3086 benignitate
348 3009 379 3063 et
395 3000 549 3064 modestia
562 3000 674 3065 hiemis
691 3001 786 3066 rebus
800 3001 948 3064 extremis
962 3000 1165 3064 subventum:

138 3104 171 3158 at
188 3094 313 3158 hercule
331 3093 406 3156 olim
422 3093 515 3157 Italia
531 3093 707 3180 legionibus
730 3094 917 3178 longinquas
939 3093 971 3156 in
989 3093 1165 3176 provincias

138 3197 330 3252 commeatus
344 3188 501 3271 portabat3
516 3210 575 3251 nec
587 3210 670 3251 nunc
683 3187 905 3251 infecunditate
919 3186 1090 3260 laboratur3
1110 3186 1166 3249 sed

137 3281 283 3346 Africam
304 3282 408 3365 potius
431 3291 463 3346 et
483 3280 669 3367 Aegyptum
692 3302 888 3356 exercemus,
915 3278 1112 3361 navibusque
1135 3287 1167 3341 et

139 3375 264 3440 casibus
283 3376 348 3439 vita
364 3376 472 3460 populi
489 3375 625 3439 Romani
641 3374 795 3459 permissa
813 3383 871 3437 est.
1164 3396 1167 3401 ·

203 3468 327 3533 Eodem
344 3491 426 3533 anno
443 3468 560 3533 bellum
577 3467 658 3534 inter
674 3467 843 3532 Armenios
857 3464 1058 3548 Hiberosque
1076 3486 1166 3528 exor-
1183 3483 1216 3529 44

139 3574 208 3627 tum
224 3561 351 3627 Parthis
374 3584 499 3646 quoque
522 3585 559 3626 ac
576 3562 727 3627 Romanis
750 3561 1007 3648 gravissimorum
1029 3558 1109 3622 inter
1132 3580 1166 3622 se

140 3667 285 3720 motuum
302 3678 398 3720 causa
415 3656 483 3721 fuit.
506 3657 593 3741 genti
610 3655 798 3720 Parthorum
815 3654 991 3739 Vologeses
1008 3650 1167 3736 imperita-

138 3751 203 3828 bat,
218 3760 359 3815 materna
367 3751 485 3836 origine
495 3772 534 3813 ex
542 3750 660 3834 paelice
672 3747 802 3825 Graeca,
817 3770 969 3812 concessu
978 3746 1109 3810 fratrum
1118 3767 1167 3808 re-

139 3868 239 3930 gnum
251 3845 397 3929 adeptus3
416 3843 554 3908 Hiberos
566 3843 796 3908 Pharasmanes
815 3850 939 3906 vetusta
954 3839 1164 3925 possessione,

139 3937 310 4003 Armenios
324 3938 420 4002 frater
432 3938 499 4002 cius
512 3937 712 4001 Mithridates
731 3935 891 4001 obtinebat
909 3935 1021 4020 opibus
1039 3933 1164 3997 nostris.

140 4041 208 4097 erat
224 4032 447 4098 Pharasmanis
469 4033 552 4096 filius
573 4032 698 4096 nomine
720 4030 937 4107 Radamistus,
960 4029 1074 4094 decora
1093 4049 1167 4112 pro-

141 4128 282 4206 ceritate,
304 4128 337 4192 vi
355 4127 492 4213 corporis
514 4126 647 4213 insignis
664 4134 696 4191 et
711 4125 828 4211 patrias
851 4134 933 4190 artes
956 4123 1085 4191 edoctus
1103 4123 1166 4188 cla·
