2760 4874
225 348 287 414 150
574 352 649 410 COR
770 351 899 409 TACITI

1141 455 1195 485 an.
1206 447 1253 486 781.
1320 479 1323 484 .

222 518 360 583 turiones
374 513 573 589 cecidisseut3
592 533 667 576 mox
680 500 874 596 compdrtum
887 533 906 575 a
923 509 1095 597 transfirgis
1108 534 1254 599 nongen-

222 623 272 677 tos
289 611 503 688 Romanorum
525 605 609 691 apud
630 604 750 682 lucum,
773 625 867 687 quem
889 604 1104 670 Baduhennae
1125 617 1252 685 vocant,

221 696 378 791 pugna'in
395 710 555 787 posterum
578 708 717 763 extracta
738 698 911 774 confectos,
935 708 966 762 et
987 698 1081 762 aliam
1102 700 1253 782 quadrin-

221 807 386 884 gentorum
407 816 536 862 manum
557 801 709 877 occupata
731 789 925 876 Cruptoricis
947 792 1106 874 quondam
1133 793 1253 878 stipen-

221 891 316 956 diarii
328 889 416 966 villa,
434 896 602 973 postquam
618 885 752 971 proditio
770 884 981 963 metuebatur,
999 887 1116 951 mutuis
1132 885 1252 952 ictibus

221 982 437 1071 procubuisse.
821 1044 824 1050 .

172 1100 203 1147 rt
285 1075 415 1142 Clarum
441 1074 513 1139 inde
536 1074 617 1139 inter
639 1070 815 1138 Germanos
838 1073 976 1138 Frisium
1001 1096 1129 1152 nomeu,
1158 1074 1253 1140 dissi-

220 1168 358 1235 mulante
376 1167 504 1233 Tiberio
522 1163 646 1244 damna,
664 1188 704 1230 ne
722 1166 773 1231 cui
790 1165 906 1230 bellum
924 1167 1129 1252 permitteret3
1146 1190 1252 1252 neque

221 1273 348 1330 senatus
366 1263 400 1327 in
421 1284 460 1327 eo
482 1283 570 1339 cura,
593 1284 635 1326 an
651 1260 774 1345 imperii
796 1269 935 1326 extrema
956 1261 1251 1328 dehonestarentur:

220 1379 318 1443 pavor
335 1356 476 1420 internus
494 1363 702 1440 occupaverat
719 1353 854 1432 animos,
878 1354 929 1419 cui
950 1355 1122 1419 remedium
1140 1356 1252 1422 adula-

220 1451 304 1515 tione
329 1447 550 1532 quaerebatur3
580 1448 625 1512 ita
639 1468 840 1530 ⁴quamquam
871 1448 1003 1514 diversis
1034 1471 1128 1534 super
1153 1448 1251 1515 rebus

219 1542 467 1619 consulerentur,
494 1564 581 1606 aram
602 1540 799 1619 clementiae,
826 1564 913 1606 aram
935 1542 1089 1606 amicitiae
1111 1541 1252 1629 effigies-

220 1657 282 1719 que
303 1636 421 1701 circum
439 1633 587 1700 Caesaris
610 1656 648 1699 ac
666 1632 774 1700 Seiani
791 1656 955 1713 censuere,
978 1634 1157 1720 crebrisque
1179 1659 1252 1723 pre-

220 1729 308 1795 cibus
331 1728 559 1815 efflagitabant,
582 1729 705 1794 visendi
727 1730 776 1795 sui
798 1730 921 1816 copiam
942 1729 1090 1795 facerent.
1118 1754 1184 1796 non
1204 1730 1251 1796 illi

220 1823 379 1888 tamenin
396 1822 506 1887 urbem
529 1832 583 1888 aut
603 1824 779 1909 propinqua
801 1823 871 1888 urbi
892 1823 1035 1910 degressi
1057 1834 1144 1890 sunt:
1168 1826 1250 1890 'satis

219 1917 324 1981 visum
341 1916 484 1981 omittere
506 1916 641 1981 insulam
659 1925 690 1981 et
712 1917 746 1980 in
763 1917 904 2003 proximo
924 1917 1117 2003 Campaniae
1134 1919 1249 2005 aspici3

181 2075 182 2078 ,
219 2032 259 2076 eo
279 2010 385 2074 venire
406 2019 525 2095 patres,
552 2032 663 2095 eques,
690 2034 807 2097 magna
827 2033 900 2096 pars
922 2010 1039 2097 plebis,
1067 2012 1151 2076 anxii
1173 2035 1252 2099 erga
1265 2042 1281 2078 .-

223 2101 386 2181 Seianum,
405 2103 494 2169 cuius
512 2104 618 2170 durior
635 2126 837 2190 congressus,
856 2114 949 2189 atque
967 2127 1005 2170 eo
1022 2127 1079 2191 per
1095 2105 1249 2171 ambitum

221 2206 252 2262 et
269 2197 416 2262 societate
434 2197 633 2271 consiliorum
646 2197 823 2284 parabatur.
847 2200 923 2264 satis
942 2199 1106 2264 constabat
1123 2208 1249 2271 auctam
1306 2251 1310 2264 .

221 2291 250 2356 ei
267 2291 482 2378 adrogantiam
503 2292 632 2358 soedum
653 2286 731 2357 illud
748 2293 781 2357 in
805 2294 969 2379 propatulo
992 2294 1154 2359 servitium
1177 2317 1249 2382 spe-

221 2386 331 2463 ctanti3
351 2385 467 2471 quippe
484 2385 605 2452 Romae
623 2387 704 2451 sueti
721 2387 896 2465 discursus,
915 2397 947 2452 et
963 2388 1179 2474 magnitudine
1196 2412 1249 2453 ur-

221 2477 270 2544 bis
283 2479 445 2556 incertum,
464 2480 548 2562 quod
562 2481 695 2563 quisque
709 2480 749 2545 ad
762 2481 923 2566 negotium
936 2492 1061 2568 pergat:
1079 2481 1123 2547 ibi
1136 2504 1249 2567 campo

219 2582 274 2637 aut
290 2573 379 2638 litore
397 2574 533 2639 iacentes
551 2575 637 2640 nullo
655 2575 842 2652 discrimine,
861 2586 991 2655 nostem·
1004 2598 1041 2640 ac
1059 2577 1142 2641 diem
1159 2577 1250 2640 iuxta

219 2667 352 2751 gratiam
378 2677 432 2732 aut
462 2667 564 2733 fastus
595 2669 762 2733 ianitorum
791 2669 1057 2753 perpetiebantur,
1089 2671 1190 2735 donec
1215 2671 1249 2735 id

220 2781 341 2844 qaoque
363 2761 508 2838 ¹vetitum3
531 2771 562 2825 et
583 2785 729 2828 revenere
752 2763 784 2827 in
802 2763 912 2828 urbem
930 2765 1059 2849 trepidi,
1080 2786 1162 2848 quos
1183 2787 1248 2829 non

220 2874 465 2929 sermone,n0n
488 2855 557 2919 visu
583 2856 729 2941 dignatus
757 2867 836 2934 erat;
863 2858 991 2940 quidam
1013 2858 1095 2923 male
1117 2858 1246 2936 alacres,

219 2946 333 3031 quibus
350 2946 506 3018 infaustae
524 2951 677 3016 amicitiae
695 2954 800 3039 gravis
819 2954 920 3018 exitus
938 2954 1139 3019 imminebat‘

171 3060 202 3108 75
285 3038 434 3105 Ceterum
448 3041 593 3108 Tiberius
611 3055 737 3130 neptem
750 3045 969 3132 Agrippinam,
989 3044 1180 3113 Germanico
1198 3071 1248 3112 or-

220 3145 298 3213 tam,
323 3157 522 3201 cumeorum
545 3137 604 3202 Cn.
628 3138 769 3204 Domitio
791 3140 983 3218 tradidisset,
1010 3141 1046 3205 in
1065 3140 1143 3205 urbe
1165 3141 1248 3205 cele·

219 3227 303 3294 brari
318 3229 444 3314 nuptias
462 3231 567 3310 iussit3
590 3232 623 3296 in
639 3232 782 3298 Domitio
800 3255 895 3318 super
916 3243 1103 3299 vetustatem
1121 3235 1246 3320 generis

219 3323 428 3409 propinquum
439 3323 628 3392 Caesaribus
643 3327 827 3413 sanguinem
837 3327 1009 3414 delegerat3
1022 3351 1096 3392 nam
1105 3329 1133 3392 is
1142 3329 1247 3393 aviam

221 3414 388 3482 Octaviam
406 3427 437 3482 et
453 3442 510 3505 per
527 3443 597 3486 eam
614 3419 801 3507 Augustum·
815 3422 1004 3486 avunculum
1021 3422 1229 3507 praeferebat.

630 3731 836 3742 ——-.———
