2760 4874
736 182 773 257 ’t

209 382 273 448 242
548 386 741 445 nausson
758 388 889 445 raom
977 346 981 351 ¹

1143 490 1164 519 ι.
1173 491 1194 520 n.
1203 483 1242 521 sn.

210 573 304 634 quam
323 559 431 614 eontra
448 546 609 633 perfidiam
632 546 770 612 hostium
788 557 867 611 erat:
891 546 1016 633 quippe
1036 544 1136 633 Syria
1152 559 1244 614 trans-
1338 552 1341 561 '

209 654 312 709 naotac
337 642 491 727 legiones,
518 663 596 727 paee
617 641 713 727 longa
737 662 866 728 segnes,
894 642 1010 706 mania
1031 641 1243 708 Romanorum
1339 692 1342 697 .

208 738 380 829 aspri-ime
403 736 585 801 tolerabant.
614 736 690 800 satis
711 734 850 801 constitit
870 734 976 801 fuisse
994 736 1031 800 in
1049 759 1090 802 eo
1113 739 1244 803 exercitu
1343 822 1345 827 Ι

207 842 386 909 veteranos,
409 831 463 914 qui
486 852 549 894 non
568 830 747 907 stationem,
769 852 834 893 non
854 828 985 916 vigilias
1009 830 1164 908 inissent,
1186 832 1244 896 sal-
1342 908 1347 917 q

207 928 272 992 lum
294 928 476 1009 fossamque
498 924 590 1007 quasi
613 946 696 989 nova
713 932 745 988 et
761 922 840 988 mira
860 924 1021 1002 viserent,
1046 925 1118 990 sinc
1141 926 1241 1011 galeis,

207 1021 274 1085 sine
297 1019 414 1093 loricis,
444 1018 532 1082 nitidi
555 1029 586 1081 ct
608 1016 803 1101 quaestuosi,
829 1015 943 1081 militia
968 1039 1032 1103 per
1054 1020 1176 1105 oppida
1196 1042 1243 1085 ex·

206 1114 300 1199 pleta.
323 1113 418 1199 igitur
430 1110 568 1176 dimissis
582 1110 697 1194 quibus
715 1121 860 1175 senectus
878 1120 934 1175 aut
947 1112 1099 1178 valitudo
1118 1114 1243 1179 adversa

207 1218 286 1283 erat,
310 1206 561 1292 stapplementum
583 1204 703 1289 petivit.
730 1214 763 1271 et
778 1203 877 1269 habiti
897 1226 956 1289 per
974 1202 1147 1272 Galatiam
1166 1206 1243 1293 Cap-

206 1301 431 1387 padociamque
449 1298 595 1373 dilectus,
615 1297 798 1381 adiectaque
815 1319 855 1362 er
873 1294 1056 1364 Germania
1072 1300 1161 1387 legio
1179 1324 1242 1366 cum

206 1394 362 1477 equitibus
381 1393 484 1457 alariis
502 1402 534 1455 et
551 1388 690 1477 peditatu
709 1390 896 1470 cohortium;
913 1402 1130 1479 retentusque
1148 1396 1241 1460 omnis

205 1488 360 1551 exereitus
379 1486 438 1550 stab
455 1485 605 1571 pellibus,
628 1485 773 1569 quamvis
791 1485 893 1549 hieme
916 1507 1018 1551 saeva
1036 1488 1122 1553 adeo
1141 1499 1176 1554 ut
1193 1490 1242 1554 ob

205 1582 300 1645 ducta
316 1582 416 1666 glacie
435 1581 495 1645 nisi
513 1580 631 1645 effossa
647 1578 762 1644 humus
785 1579 924 1644 tentoriis
943 1579 1055 1645 locum
1074 1605 1143 1647 non
1160 1606 1241 1669 prae·

205 1674 306 1750 berct3
325 1673 461 1737 ambusti
475 1674 643 1738 multorum
656 1683 743 1738 artus
761 1673 793 1739 vi
806 1672 941 1759 frigoris,
961 1683 993 1738 et
1012 1676 1151 1759 quidam
1168 1678 1241 1741 inter

204 1766 353 1832 excubias
372 1767 540 1831 exanimati
558 1778 645 1845 sunt;
668 1767 896 1850 adnotatusque
913 1767 1023 1846 miles,
1048 1771 1106 1854 qui
1126 1772 1239 1836 fascem

204 1861 359 1947 lignorum
377 1860 530 1946 gestabat,
549 1861 594 1925 ita
609 1860 819 1947 praeriguisse
832 1883 945 1925 manus
962 1871 1000 1926 ut
1018 1865 1113 1929 oneri
1131 1865 1240 1930 adhue
1338 1888 1342 1907 ¹

204 1965 306 2019 rentes
325 1955 441 2019 truncis
465 1954 599 2019 brachiis
622 1954 809 2020 deciderent.
836 1954 904 2040 ipsc
928 1955 1018 2020 cultu
1037 1957 1118 2036 levi,
1143 1959 1238 2044 capite
1338 2000 1342 2029 ι

204 2049 333 2125 intecto,
357 2050 389 2112 in
408 2049 546 2134 agmine,
570 2049 602 2112 in
619 2047 779 2113 laboribus
797 2048 945 2132 frequens
963 2050 1098 2130 adesse,
1117 2053 1239 2117 laudem
1339 2120 1343 2125 ,

206 2144 349 2221 strenuis,
370 2143 515 2208 solatium
529 2142 683 2219 invalidis,
703 2142 881 2227 exemplum
894 2144 980 2209 omni
1003 2166 1045 2210 us
1060 2147 1237 2236 ostendere3

204 2237 317 2302 dehinc
344 2238 419 2320 quia
444 2236 589 2300 duritiam
616 2236 695 2300 cacli
720 2236 910 2321 militiaeque
936 2260 970 2301 m
1018 2237 1031 2303 i
1058 2239 1238 2307 abnuebant

204 2330 463 2413 deserebantque,
491 2330 663 2394 remedium
690 2330 854 2395 severitate
880 2330 1064 2414 quaesitum
1091 2344 1158 2412 est;
1184 2357 1237 2399 nce

203 2425 296 2501 enim,
316 2435 350 2488 ut
368 2426 399 2488 in
418 2425 486 2489 aliis
501 2423 698 2500 exercitibus,
718 2423 853 2508 primum
871 2424 1071 2510 alterumque
1090 2428 1236 2494 delictum

203 2519 295 2583 venia
312 2519 570 2603 prosequebatur,
595 2519 651 2582 sed
669 2519 723 2602 qui
741 2519 832 2605 signa
852 2520 1035 2604 reliquerat,
1062 2524 1173 2588 statim
1190 2547 1237 2588 ea-
1338 2534 1343 2551 ⁴

203 2614 266 2697 pite
284 2636 401 2698 paenas
420 2613 535 2691 luebat,
554 2614 648 2696 idque
667 2636 727 2677 usu
746 2613 871 2678 salubre
888 2624 919 2677 et
936 2615 1159 2683 misericordia
1175 2641 1237 2682 rne-

203 2707 264 2770 lius
283 2709 439 2791 apparuit:
459 2709 574 2793 quippe
589 2708 751 2793 pauciores
765 2708 818 2771 illa
832 2717 935 2773 casua
952 2709 1125 2777 deseruere
1144 2735 1235 2797 quam
1344 2768 1346 2781 .

204 2823 242 2864 ea
260 2802 292 2863 in
310 2801 424 2883 quibus
443 2803 673 2887 ignoscebatur.
1214 2834 1219 2841 ·

153 2914 185 2961 36
267 2892 396 2956 Interim
416 2894 553 2959 Corbulo
571 2896 747 2982 legionibus
766 2896 846 2962 intra
864 2908 966 2962 castra
983 2899 1118 2979 habitis,
1137 2902 1235 2967 donee
1343 2894 1345 2899 ⁵

202 3009 257 3050 ver
275 2987 474 3065 adolesceret,
495 2989 716 3074 dispositisque
734 3012 790 3075 per
802 2991 931 3056 idoncos
949 2993 1037 3058 locos
1052 2996 1234 3062 cohortibus
1343 3054 1345 3059 .

203 3081 386 3157 auxiliariis,
409 3105 449 3147 ne
467 3106 606 3169 pugnam
625 3086 743 3169 priores
762 3086 912 3150 auderent
933 3088 1104 3174 praedicit3
1128 3113 1233 3156 euram
1343 3090 1346 3103 '

201 3177 427 3261 praesidiorum
448 3177 563 3241 Paccio
584 3177 700 3254 Orfito,
723 3179 815 3263 primi
836 3179 892 3264 pili
913 3180 1032 3246 honore
1053 3185 1231 3268 perfuncta,

201 3273 338 3335 mandat.
360 3272 387 3334 is
403 3293 593 3354 quamquam
606 3273 747 3336 incautos
762 3272 911 3339 barbaros
926 3285 957 3338 et
974 3275 1056 3341 bene
1074 3280 1232 3364 gerendae
1343 3346 1345 3351 ,

201 3365 246 3428 rci
264 3387 371 3428 casum
390 3366 493 3429 offerri
512 3366 691 3449 scripserat,
716 3376 820 3429 tenere
839 3390 872 3431 se
895 3369 1100 3436 munimentis
1120 3383 1152 3436 et
1168 3395 1232 3436 rna·
1343 3362 1346 3375 ¹

201 3458 282 3522 iores
301 3459 406 3542 copias
425 3460 558 3544 opperiri
572 3458 708 3536 iubetur3
729 3461 785 3523 sed
797 3470 889 3545 rupto
901 3462 1043 3547 imperio,
1061 3474 1231 3548 postquam

201 3574 319 3636 paucae
337 3574 352 3615 c
369 3554 518 3636 proximis
537 3552 672 3617 castellis
687 3563 806 3618 turmae
825 3557 1015 3620 advenerant
1028 3579 1230 3643 pugnamque

200 3646 355 3731 impen'tia
376 3646 561 3731 poscebant,
590 3669 777 3732 congressus
805 3669 877 3712 cum
903 3649 993 3713 hoste
1015 3651 1174 3730 funditur,
1201 3662 1230 3716 ct

201 3740 315 3804 damno
338 3741 404 3803 cius
424 3742 561 3805 exterriti
583 3742 637 3824 qui
660 3741 835 3806 subsidium
857 3743 938 3808 serre
961 3742 1150 3824 debuerant,
1175 3768 1229 3810 sua

201 3835 333 3917 quisque
350 3835 383 3897 in
402 3844 504 3900 castra
522 3837 642 3921 trepida
654 3835 732 3921 fuga
744 3838 872 3901 redicre.
896 3838 980 3921 quod
998 3840 1140 3922 graviter
1154 3839 1229 3906 Cor·
1324 3906 1327 3915 ,

200 3926 274 3991 bulo
293 3929 412 4012 accepit
429 3930 676 4015 increpitumque
689 3930 839 3994 Paccium
857 3941 888 3994 et
905 3930 1082 4016 praefectos
1101 3935 1228 3998 milites-

201 4042 261 4101 que
280 4022 405 4085 tendere
424 4039 511 4087 extra
528 4025 646 4088 vallum
667 4024 773 4102 iussit3
796 4025 890 4108 inque
912 4048 950 4089 ea
967 4028 1160 4094 contumelia
1177 4029 1227 4092 de·

201 4114 276 4175 tenti
295 4136 352 4176 nec
370 4115 429 4177 nisi
448 4117 593 4199 precibus
611 4118 749 4184 universi
767 4120 920 4184 exereitus
940 4120 1076 4186 exsoluti
1095 4133 1177 4187 sunt.
