2760 4874
395 389 602 463 nuntiarunt
620 405 693 459 nm.
707 405 771 463 xv.
788 405 905 460 17-21.
1099 393 1162 457 293

140 513 160 551 p.
171 499 211 541 cn.
222 500 254 540 sa

139 579 170 632 et
187 568 280 633 obvia
297 564 460 630 haherent:
488 562 548 627 sibi
571 561 726 647 promissa
747 562 854 647 legum
872 562 926 625 diu
944 574 1108 648 expectata
1129 564 1162 626 in

138 660 307 725 ludibrium
321 658 407 734 verti,
427 658 552 740 quaudo
566 656 636 739 quis
651 656 718 722 sine
732 656 939 720 sollicitudine
952 680 1075 742 parens,
1091 657 1163 720 ‘sine

138 756 225 819 luctu
242 754 337 819 orbus
355 753 449 838 longa
462 761 588 836 patrum
601 760 674 814 vota
687 759 814 835 repente
825 750 1024 834 adaequaret.
1044 751 1162 814 facturn

138 871 178 912 cx
196 871 233 912 eo
252 856 378 911 senatus
397 845 573 909 consultum
591 867 631 908 ne
650 844 796 908 simulata
813 846 938 930 adoptio
951 845 985 908 in
998 844 1062 907 ulla
1075 853 1162 928 parte

138 944 275 1010 muneris
292 942 410 1028 publici
427 941 549 1006 iuvaret
567 964 604 1005 ae
626 963 667 1008 ne
688 941 877 1026 usurpandis
896 941 1023 1024 quidem
1040 938 1163 1005 heredi-

139 1038 253 1103 tatibus
270 1037 445 1122 prodesset.

201 1131 298 1195 Exim
313 1120 466 1195 Claudius
477 1128 664 1193 Timarchus
679 1127 842 1194 Cretensis
860 1152 931 1193 reus
950 1128 1061 1214 agitur,
1081 1137 1163 1190 cete·
1182 1148 1214 1193 ‘ro

136 1226 180 1290 ris
198 1223 390 1299 criminibus,
409 1231 444 1286 ut
457 1222 557 1286 solent
570 1222 742 1306 praevalidi
755 1222 993 1307 provincialium
1007 1231 1038 1285 et
1051 1220 1163 1306 opibus

137 1318 241 1383 nimiis
260 1316 300 1380 ad
317 1315 446 1379 iniurias
464 1315 620 1379 minorum
638 1315 725 1380 elati:
749 1339 812 1380 una
833 1338 896 1380 vox
914 1316 981 1380 eius
1005 1336 1105 1397 usque
1124 1314 1164 1377 ad

138 1410 358 1475 contumeliam
376 1418 502 1473 senatus
520 1419 745 1494 penetraverat,
764 1410 849 1493 quod
866 1410 1039 1474 dictitasset
1055 1409 1089 1471 in
1107 1431 1164 1472 sua

137 1512 290 1589 potestate
305 1503 400 1567 situm
411 1514 455 1566 'an
466 1503 717 1587 proconsulibus,
737 1505 793 1586 qui
804 1503 930 1568 Cretam
945 1503 1161 1577 obtinuissent,
1210 1567 1213 1571 ,

137 1606 241 1683 grates
260 1604 435 1682 agerentur.
455 1618 550 1679 quam
564 1597 762 1662 occasionem
771 1597 889 1662 Paetus
900 1598 1041 1662 Thrasea
1055 1588 1096 1660 ad
1107 1595 1164 1660 bo·

137 1699 212 1755 num
229 1686 390 1776 publicum
408 1701 549 1767 vertens,
561 1700 730 1775 postquam
743 1692 782 1755 de
795 1714 849 1757 reo
863 1700 1026 1756 censuerat
1038 1689 1163 1774 provin·
1180 1691 1191 1708 ⁹

138 1785 186 1849 cia
205 1783 299 1848 Creta
317 1783 547 1868 depellendum,
565 1784 644 1848 haec
662 1785 795 1849 addidit:

199 1877 291 1957 „Usu
307 1877 475 1965 probatum
493 1887 554 1954 est,
572 1889 677 1963 patres
696 1879 877 1963 conscripti,
901 1879 988 1964 leges
1007 1878 1161 1964 egregias,
1234 1875 1241 1886 ’

138 1971 281 2055 exempla
303 1972 436 2034 honesta
461 1971 546 2055 apud
568 1970 730 2063 bonoskex
757 1972 878 2037 delictis
906 1973 1037 2035 aliorum
1063 1971 1161 2056 gigni.

139 2066 184 2130 sic
207 2074 363 2128 oratorum
385 2063 510 2128 licentia
528 2063 671 2129 Cinciam
694 2067 902 2151 rogationem,
927 2064 1163 2130 candidatorum

138 2158 274 2224 ambitus
300 2157 398 2221 Iulias
424 2157 527 2243 leges,
562 2160 802 2244 magistratuum
834 2160 965 2224 avaritia
991 2156 1163 2242 Calpurnia

138 2254 216 2318 scita
232 2260 434 2337 pepererunt,
459 2266 535 2315 tram
559 2251 651 2336 culpa
673 2275 767 2336 quam
785 2276 887 2338 poena
908 2263 1047 2337 tempore
1068 2250 1161 2335 prior,

137 2345 296 2411 emendari
314 2368 409 2429 quam
426 2367 558 2431 peccare
575 2349 808 2437 posteriusest.
835 2371 911 2434 ergo
933 2347 1083 2411 adversus
1106 2367 1163 2408 no-

136 2465 210 2504 vam
226 2440 463 2526 provincialium
488 2441 668 2526 superbiam
691 2443 822 2528 dignum
843 2442 905 2506 fide
927 2439 1163 2521 constantiaque

136 2535 280 2599 Romana
298 2536 460 2619 capiamus
478 2535 658 2613 consilium,
676 2559 749 2620 ,quo
770 2537 886 2600 tutelae
909 2535 1065 2601 sociorum
1086 2532 1163 2595 nihil

137 2629 312 2715 derogetur,
332 2628 424 2692 nobis
443 2628 548 2715 opinio
567 2630 708 2708 decedat,
731 2631 832 2714 qualis
851 2625 984 2714 quisque
1001 2626 1161 2702 habeatur,

137 2721 211 2786 alibi
228 2744 324 2805 quam
340 2722 374 2785 in
392 2722 508 2790 civium
525 2723 641 2788 iudicio
653 2728 740 2789 esse.
760 2725 833 2788 olim
851 2724 980 2808 quidem
992 2745 1055 2786 non
1069 2720 1162 2810 modo
1181 2740 1210 2785 21

137 2825 260 2900 praetor
277 2827 331 2880 aut
349 2817 459 2881 consul
477 2816 534 2881 sed
551 2818 664 2902 privati
682 2819 776 2883 etiam
790 2818 1001 2894 mittebantur,
1020 2816 1075 2899 qui
1091 2837 1163 2900 pro-

137 2910 255 2974 vincias
277 2911 415 2975 viserent
437 2920 468 2974 et
490 2911 628 2994 quidde
651 2913 804 2996 cuiusque
827 2912 980 2995 obsequio
1007 2910 1164 2975 videretur

65 3076 67 3080 Α
137 3003 301 3081 referrent,
326 3004 586 3089 'trepidabantque
604 3017 715 3091 gentes
734 3008 773 3071 de
791 3006 1006 3070 aestimatione
1025 3003 1164 3087 singulo-

137 3120 220 3160 rum:
244 3106 276 3160 at
293 3120 376 3161 nunc
395 3098 531 3162 colimus·
545 3111 690 3164 externos
709 3110 740 3163 et
758 3100 935 3175 adulamur,
958 3107 989 3160 et
1006 3095 1163 3178 quomodo

138 3190 307 3252 adnutum
327 3191 457 3254 alicuius
475 3201 596 3276 grates,
623 3193 667 3256 ita
678 3190 862 3276 'promptius
881 3189 1039 3254 accusatio
1057 3190 1163 3252 decer-

138 3283 234 3346 nitur:
254 3283 513 3366 decernaturque,
542 3294 573 3348 et
590 3295 715 3349 maneat
732 3283 974 3369 provincialibus
991 3282 1163 3367 potentiam

139 3400 229 3440 suam
247 3377 301 3441 tali
318 3377 412 3442 modo
431 3379 620 3456 ostentandi3
640 3379 696 3443 sed
712 3378 781 3442 laus
800 3377 881 3442 falsa
897 3387 929 3441 et
945 3376 1091 3463 precibus
1110 3399 1164 3439 ex-

138 3468 248 3556 pressa
272 3473 401 3557 perinde
427 3472 609 3537 cohibeatur
635 3496 730 3556 quarn
756 3473 887 3549 malitia,
915 3494 1009 3555 quam
1032 3468 1164 3550 crudeli-

139 3576 196 3630 tas.
232 3567 322 3651 plura
345 3590 438 3653 saepe
460 3577 630 3652 peccantur
652 3569 728 3632 dum
750 3569 945 3631 demeremur
971 3589 1065 3649 quam
1088 3565 1163 3643 dum

140 3660 343 3739 offendimus,
370 3662 524 3745 quaedam
554 3662 650 3726 immo
672 3663 804 3726 virtutes
831 3660 903 3725 odio
930 3669 1016 3737 sunt,
1049 3660 1164 3724 sevcri-

140 3766 187 3817 tas
214 3754 384 3833 obstinata,
411 3757 546 3820 invictus
574 3757 741 3821 adversum
766 3756 900 3842 gratiam
927 3756 1063 3819 animus:
1090 3754 1163 3817 inde

139 3847 226 3910 initia
244 3850 678 3935 magistratuum-nostrorum
700 3850 830 3914 meliora
846 3849 955 3926 ferme,
978 3858 1010 3912 et
1027 3848 1098 3912 finis
1116 3848 1163 3910 in·
1201 3920 1220 3936 d

140 3940 247 4018 clinat,
275 3943 349 4006 dum
371 3944 407 4028 in·
426 3936 555 4009 modum
578 3945 813 4010 candidatorum
836 3943 987 4029 suffragia
1006 3943 1164 4026 conquiri-

118 4032 224 4112 ¹rnus3
256 4057 337 4119 quae
364 4038 391 4101 si
417 4048 593 4119 arceantur,
629 4037 823 4122 aequabilius
850 4047 943 4121 atque
970 4037 1162 4102 constantius

139 4129 317 4212 provinciae
335 4142 490 4218 regentur.
526 4157 599 4199 nam
617 4143 652 4197 ut
670 4144 755 4198 metu
772 4132 1014 4218 repetundarum
1030 4130 1164 4196 infracta

140 4225 269 4291 avaritia
283 4236 340 4305 est,
355 4227 398 4293 ita
408 4228 502 4294 vetita
515 4229 685 4315 gratiarmn
699 4225 961 4294 aetioneambitio
970 4226 1161 4291 cohibetur.“
