<?xml version="1.0" encoding="UTF-8"?>
<!DOCTYPE html PUBLIC "-//W3C//DTD XHTML 1.0 Transitional//EN"
    "http://www.w3.org/TR/xhtml1/DTD/xhtml1-transitional.dtd">
<html xmlns="http://www.w3.org/1999/xhtml" xml:lang="en" lang="en">
 <head>
  <title>
</title>
<meta http-equiv="Content-Type" content="text/html;charset=utf-8" />
  <meta name='ocr-system' content='tesseract 3.04.00' />
  <meta name='ocr-capabilities' content='ocr_page ocr_carea ocr_par ocr_line ocrx_word'/>
</head>
<body>
  <div class='ocr_page' id='page_1' title='image "./corneliitacitio01haasgoog_0141.png"; bbox 0 0 2760 4874; ppageno 0'>
   <div class='ocr_carea' id='block_1_1' title="bbox 238 370 917 435">
    <p class='ocr_par' dir='ltr' id='par_1_1' title="bbox 238 370 917 435">
     <span class='ocr_line' id='line_1_1' title="bbox 238 370 917 435; baseline -0.01 0"><span class='ocrx_word' id='word_1_1' title='bbox 238 370 281 435; x_wconf 88' lang='grc'><strong>64</strong></span> <span class='ocrx_word' id='word_1_2' title='bbox 586 374 770 431; x_wconf 79' lang='lat' dir='ltr'>CORNELII</span> <span class='ocrx_word' id='word_1_3' title='bbox 783 372 917 429; x_wconf 85' lang='lat' dir='ltr'><strong>TACITI</strong></span> 
     </span>
    </p>
   </div>
   <div class='ocr_carea' id='block_1_2' title="bbox 166 469 1334 3630">
    <p class='ocr_par' dir='ltr' id='par_1_2' title="bbox 1154 469 1263 508">
     <span class='ocr_line' id='line_1_2' title="bbox 1154 469 1263 508; baseline 0.028 -3"><span class='ocrx_word' id='word_1_4' title='bbox 1154 469 1263 508; x_wconf 64' lang='lat' dir='ltr'><strong>mullo.</strong></span> 
     </span>
    </p>

    <p class='ocr_par' dir='ltr' id='par_1_3' title="bbox 234 532 1265 1751">
     <span class='ocr_line' id='line_1_3' title="bbox 238 532 1263 617; baseline -0.007 -12"><span class='ocrx_word' id='word_1_5' title='bbox 238 541 323 606; x_wconf 88' lang='lat' dir='ltr'><strong>disse</strong></span> <span class='ocrx_word' id='word_1_6' title='bbox 338 538 498 602; x_wconf 91' lang='lat' dir='ltr'><strong>inmensos</strong></span> <span class='ocrx_word' id='word_1_7' title='bbox 516 543 652 610; x_wconf 90' lang='lat' dir='ltr'><strong>montes,</strong></span> <span class='ocrx_word' id='word_1_8' title='bbox 675 533 745 597; x_wconf 91' lang='lat' dir='ltr'><strong>visa</strong></span> <span class='ocrx_word' id='word_1_9' title='bbox 761 532 794 597; x_wconf 92' lang='lat' dir='ltr'><strong>in</strong></span> <span class='ocrx_word' id='word_1_10' title='bbox 812 532 909 596; x_wconf 87' lang='lat' dir='ltr'><strong>arduo</strong></span> <span class='ocrx_word' id='word_1_11' title='bbox 927 553 1007 615; x_wconf 89' lang='lat' dir='ltr'><strong>quae</strong></span> <span class='ocrx_word' id='word_1_12' title='bbox 1025 532 1119 617; x_wconf 88' lang='lat' dir='ltr'><strong>plana</strong></span> <span class='ocrx_word' id='word_1_13' title='bbox 1135 532 1263 611; x_wconf 86' lang='lat' dir='ltr'><strong>fuerint,</strong></span> 
     </span>
     <span class='ocr_line' id='line_1_4' title="bbox 238 625 1265 712; baseline -0.007 -13"><span class='ocrx_word' id='word_1_14' title='bbox 238 632 393 699; x_wconf 83' lang='lat' dir='ltr'><strong>effulsisse</strong></span> <span class='ocrx_word' id='word_1_15' title='bbox 406 631 486 694; x_wconf 92' lang='lat' dir='ltr'><strong>inter</strong></span> <span class='ocrx_word' id='word_1_16' title='bbox 498 628 620 693; x_wconf 87' lang='lat' dir='ltr'><strong>ruinam</strong></span> <span class='ocrx_word' id='word_1_17' title='bbox 638 627 728 712; x_wconf 89' lang='lat' dir='ltr'><strong>ignes</strong></span> <span class='ocrx_word' id='word_1_18' title='bbox 746 634 929 691; x_wconf 90' lang='lat' dir='ltr'><strong>memorant.</strong></span> <span class='ocrx_word' id='word_1_19' title='bbox 952 626 1124 710; x_wconf 88' lang='lat' dir='ltr'><strong>asperrima</strong></span> <span class='ocrx_word' id='word_1_20' title='bbox 1140 627 1174 690; x_wconf 90' lang='lat' dir='ltr'><strong>iu</strong></span> <span class='ocrx_word' id='word_1_21' title='bbox 1188 625 1265 693; x_wconf 86' lang='lat' dir='ltr'><strong>Sar-</strong></span> 
     </span>
     <span class='ocr_line' id='line_1_5' title="bbox 237 719 1264 810; baseline -0.007 -17"><span class='ocrx_word' id='word_1_22' title='bbox 237 730 347 794; x_wconf 88' lang='lat' dir='ltr'><strong>dianos</strong></span> <span class='ocrx_word' id='word_1_23' title='bbox 360 726 428 790; x_wconf 91' lang='lat' dir='ltr'><strong>lues</strong></span> <span class='ocrx_word' id='word_1_24' title='bbox 441 719 610 810; x_wconf 85' lang='lat' dir='ltr'><strong>plurimum</strong></span> <span class='ocrx_word' id='word_1_25' title='bbox 627 722 661 784; x_wconf 91' lang='lat' dir='ltr'><strong>in</strong></span> <span class='ocrx_word' id='word_1_26' title='bbox 675 721 803 785; x_wconf 91' lang='lat' dir='ltr'><strong>cosdem</strong></span> <span class='ocrx_word' id='word_1_27' title='bbox 816 719 1046 785; x_wconf 77' lang='lat' dir='ltr'><strong>misericordiae</strong></span> <span class='ocrx_word' id='word_1_28' title='bbox 1064 721 1171 788; x_wconf 83' lang='lat' dir='ltr'><strong>traxit:</strong></span> <span class='ocrx_word' id='word_1_29' title='bbox 1189 745 1264 786; x_wconf 89' lang='lat' dir='ltr'><strong>nam</strong></span> 
     </span>
     <span class='ocr_line' id='line_1_6' title="bbox 237 813 1264 900; baseline -0.006 -14"><span class='ocrx_word' id='word_1_30' title='bbox 237 822 354 886; x_wconf 85' lang='lat' dir='ltr'><strong>centies</strong></span> <span class='ocrx_word' id='word_1_31' title='bbox 377 817 555 884; x_wconf 77' lang='lat' dir='ltr'><strong>sestertium</strong></span> <span class='ocrx_word' id='word_1_32' title='bbox 575 814 732 900; x_wconf 84' lang='lat' dir='ltr'><strong>pollicitus</strong></span> <span class='ocrx_word' id='word_1_33' title='bbox 756 813 889 891; x_wconf 87' lang='lat' dir='ltr'><strong>Caesar,</strong></span> <span class='ocrx_word' id='word_1_34' title='bbox 917 823 948 878; x_wconf 92' lang='lat' dir='ltr'><strong>et</strong></span> <span class='ocrx_word' id='word_1_35' title='bbox 970 825 1122 898; x_wconf 91' lang='lat' dir='ltr'><strong>quantum</strong></span> <span class='ocrx_word' id='word_1_36' title='bbox 1143 816 1264 881; x_wconf 89' lang='lat' dir='ltr'><strong>aerario</strong></span> 
     </span>
     <span class='ocr_line' id='line_1_7' title="bbox 236 906 1265 999; baseline -0.004 -18"><span class='ocrx_word' id='word_1_37' title='bbox 236 927 290 981; x_wconf 89' lang='lat' dir='ltr'><strong>aut</strong></span> <span class='ocrx_word' id='word_1_38' title='bbox 306 915 383 980; x_wconf 87' lang='lat' dir='ltr'><strong>fisco</strong></span> <span class='ocrx_word' id='word_1_39' title='bbox 400 911 579 999; x_wconf 86' lang='lat' dir='ltr'><strong>pendebant</strong></span> <span class='ocrx_word' id='word_1_40' title='bbox 595 910 629 974; x_wconf 93' lang='lat' dir='ltr'><strong>in</strong></span> <span class='ocrx_word' id='word_1_41' title='bbox 645 910 892 994; x_wconf 88' lang='lat' dir='ltr'><strong>quinquennium</strong></span> <span class='ocrx_word' id='word_1_42' title='bbox 905 906 1038 989; x_wconf 63' lang='lat' dir='ltr'><strong>remisit}</strong></span> <span class='ocrx_word' id='word_1_43' title='bbox 1057 910 1227 998; x_wconf 87' lang='lat' dir='ltr'><strong>Magnetes</strong></span> <span class='ocrx_word' id='word_1_44' title='bbox 1244 936 1265 977; x_wconf 88' lang='lat' dir='ltr'><strong>a</strong></span> 
     </span>
     <span class='ocr_line' id='line_1_8' title="bbox 238 1002 1265 1096; baseline -0.004 -22"><span class='ocrx_word' id='word_1_45' title='bbox 238 1009 348 1096; x_wconf 87' lang='lat' dir='ltr'><strong>Sipylo</strong></span> <span class='ocrx_word' id='word_1_46' title='bbox 364 1006 499 1093; x_wconf 89' lang='lat' dir='ltr'><strong>proximi</strong></span> <span class='ocrx_word' id='word_1_47' title='bbox 516 1006 631 1070; x_wconf 91' lang='lat' dir='ltr'><strong>damno</strong></span> <span class='ocrx_word' id='word_1_48' title='bbox 648 1025 685 1070; x_wconf 88' lang='lat' dir='ltr'><strong>ac</strong></span> <span class='ocrx_word' id='word_1_49' title='bbox 706 1004 845 1069; x_wconf 91' lang='lat' dir='ltr'><strong>remedio</strong></span> <span class='ocrx_word' id='word_1_50' title='bbox 863 1002 975 1082; x_wconf 82' lang='lat' dir='ltr'><strong>babiti3</strong></span> <span class='ocrx_word' id='word_1_51' title='bbox 996 1004 1163 1082; x_wconf 77' lang='lat' dir='ltr'><strong>Temnios,</strong></span> <span class='ocrx_word' id='word_1_52' title='bbox 1186 1004 1265 1070; x_wconf 93' lang='lat' dir='ltr'><strong>Phi-</strong></span> 
     </span>
     <span class='ocr_line' id='line_1_9' title="bbox 235 1097 1264 1188; baseline -0.003 -20"><span class='ocrx_word' id='word_1_53' title='bbox 235 1102 452 1188; x_wconf 89' lang='lat' dir='ltr'><strong>ladelpbenos,</strong></span> <span class='ocrx_word' id='word_1_54' title='bbox 475 1098 651 1184; x_wconf 86' lang='lat' dir='ltr'><strong>Aegeatas‚</strong></span> <span class='ocrx_word' id='word_1_55' title='bbox 677 1097 957 1184; x_wconf 92' lang='lat' dir='ltr'><strong>Apollonidenses,</strong></span> <span class='ocrx_word' id='word_1_56' title='bbox 984 1098 1101 1182; x_wconf 93' lang='lat' dir='ltr'><strong>quique</strong></span> <span class='ocrx_word' id='word_1_57' title='bbox 1122 1098 1264 1165; x_wconf 89' lang='lat' dir='ltr'><strong>Mosteni</strong></span> 
     </span>
     <span class='ocr_line' id='line_1_10' title="bbox 236 1191 1264 1279; baseline -0.005 -17"><span class='ocrx_word' id='word_1_58' title='bbox 236 1207 290 1262; x_wconf 89' lang='lat' dir='ltr'><strong>aut</strong></span> <span class='ocrx_word' id='word_1_59' title='bbox 302 1195 495 1261; x_wconf 89' lang='lat' dir='ltr'><strong>Macedones</strong></span> <span class='ocrx_word' id='word_1_60' title='bbox 509 1192 654 1278; x_wconf 87' lang='lat' dir='ltr'><strong>Hyrcani</strong></span> <span class='ocrx_word' id='word_1_61' title='bbox 666 1201 825 1269; x_wconf 88' lang='lat' dir='ltr'><strong>vocantur,</strong></span> <span class='ocrx_word' id='word_1_62' title='bbox 844 1201 876 1256; x_wconf 91' lang='lat' dir='ltr'><strong>et</strong></span> <span class='ocrx_word' id='word_1_63' title='bbox 887 1191 1169 1270; x_wconf 86' lang='lat' dir='ltr'><strong>Hierocaesariam‚</strong></span> <span class='ocrx_word' id='word_1_64' title='bbox 1188 1193 1264 1279; x_wconf 89' lang='lat' dir='ltr'><strong>My-</strong></span> 
     </span>
     <span class='ocr_line' id='line_1_11' title="bbox 234 1285 1263 1374; baseline -0.004 -18"><span class='ocrx_word' id='word_1_65' title='bbox 234 1292 348 1368; x_wconf 70' lang='lat' dir='ltr'><strong>finam,</strong></span> <span class='ocrx_word' id='word_1_66' title='bbox 377 1288 514 1374; x_wconf 86' lang='lat' dir='ltr'><strong>Cymen,</strong></span> <span class='ocrx_word' id='word_1_67' title='bbox 543 1286 692 1351; x_wconf 86' lang='lat' dir='ltr'><strong>Tmolum</strong></span> <span class='ocrx_word' id='word_1_68' title='bbox 712 1285 810 1350; x_wconf 90' lang='lat' dir='ltr'><strong>levari</strong></span> <span class='ocrx_word' id='word_1_69' title='bbox 830 1285 916 1349; x_wconf 92' lang='lat' dir='ltr'><strong>idem</strong></span> <span class='ocrx_word' id='word_1_70' title='bbox 937 1286 970 1350; x_wconf 94' lang='lat' dir='ltr'><strong>in</strong></span> <span class='ocrx_word' id='word_1_71' title='bbox 992 1295 1115 1372; x_wconf 88' lang='lat' dir='ltr'><strong>tempus</strong></span> <span class='ocrx_word' id='word_1_72' title='bbox 1138 1287 1263 1352; x_wconf 89' lang='lat' dir='ltr'><strong>tributis</strong></span> 
     </span>
     <span class='ocr_line' id='line_1_12' title="bbox 235 1379 1264 1467; baseline -0.003 -18"><span class='ocrx_word' id='word_1_73' title='bbox 235 1385 377 1467; x_wconf 91' lang='lat' dir='ltr'><strong>mittique</strong></span> <span class='ocrx_word' id='word_1_74' title='bbox 399 1404 438 1446; x_wconf 88' lang='lat' dir='ltr'><strong>ex</strong></span> <span class='ocrx_word' id='word_1_75' title='bbox 460 1390 571 1447; x_wconf 88' lang='lat' dir='ltr'><strong>senatu</strong></span> <span class='ocrx_word' id='word_1_76' title='bbox 591 1379 708 1465; x_wconf 88' lang='lat' dir='ltr'><strong>placuit</strong></span> <span class='ocrx_word' id='word_1_77' title='bbox 729 1379 784 1463; x_wconf 89' lang='lat' dir='ltr'><strong>qui</strong></span> <span class='ocrx_word' id='word_1_78' title='bbox 806 1380 982 1463; x_wconf 86' lang='lat' dir='ltr'><strong>praesentia</strong></span> <span class='ocrx_word' id='word_1_79' title='bbox 1004 1390 1159 1465; x_wconf 85' lang='lat' dir='ltr'><strong>spectaret</strong></span> <span class='ocrx_word' id='word_1_80' title='bbox 1180 1382 1264 1446; x_wconf 90' lang='lat' dir='ltr'><strong>refo-</strong></span> 
     </span>
     <span class='ocr_line' id='line_1_13' title="bbox 234 1472 1264 1561; baseline -0.003 -19"><span class='ocrx_word' id='word_1_81' title='bbox 234 1487 396 1561; x_wconf 87' lang='lat' dir='ltr'><strong>veretque3</strong></span> <span class='ocrx_word' id='word_1_82' title='bbox 423 1475 561 1540; x_wconf 92' lang='lat' dir='ltr'><strong>delectus</strong></span> <span class='ocrx_word' id='word_1_83' title='bbox 584 1482 632 1538; x_wconf 92' lang='lat' dir='ltr'><strong>est</strong></span> <span class='ocrx_word' id='word_1_84' title='bbox 653 1472 700 1538; x_wconf 85' lang='lat' dir='ltr'><strong>M.</strong></span> <span class='ocrx_word' id='word_1_85' title='bbox 724 1472 851 1537; x_wconf 86' lang='lat' dir='ltr'><strong>Aletius</strong></span> <span class='ocrx_word' id='word_1_86' title='bbox 878 1495 896 1537; x_wconf 93' lang='lat' dir='ltr'><strong>e</strong></span> <span class='ocrx_word' id='word_1_87' title='bbox 917 1473 1094 1559; x_wconf 89' lang='lat' dir='ltr'><strong>praetoriis,</strong></span> <span class='ocrx_word' id='word_1_88' title='bbox 1122 1496 1162 1538; x_wconf 93' lang='lat' dir='ltr'><strong>ne</strong></span> <span class='ocrx_word' id='word_1_89' title='bbox 1189 1497 1264 1539; x_wconf 92' lang='lat' dir='ltr'><strong>con-</strong></span> 
     </span>
     <span class='ocr_line' id='line_1_14' title="bbox 236 1566 1263 1653; baseline -0.004 -16"><span class='ocrx_word' id='word_1_90' title='bbox 236 1572 331 1637; x_wconf 84' lang='lat' dir='ltr'><strong>sulari</strong></span> <span class='ocrx_word' id='word_1_91' title='bbox 347 1570 505 1636; x_wconf 89' lang='lat' dir='ltr'><strong>obtinente</strong></span> <span class='ocrx_word' id='word_1_92' title='bbox 522 1566 634 1633; x_wconf 89' lang='lat' dir='ltr'><strong>Asiam</strong></span> <span class='ocrx_word' id='word_1_93' title='bbox 653 1567 819 1633; x_wconf 87' lang='lat' dir='ltr'><strong>aemulatio</strong></span> <span class='ocrx_word' id='word_1_94' title='bbox 836 1567 917 1631; x_wconf 90' lang='lat' dir='ltr'><strong>inter</strong></span> <span class='ocrx_word' id='word_1_95' title='bbox 933 1590 1024 1653; x_wconf 89' lang='lat' dir='ltr'><strong>pares</strong></span> <span class='ocrx_word' id='word_1_96' title='bbox 1043 1577 1132 1633; x_wconf 87' lang='lat' dir='ltr'><strong>etex</strong></span> <span class='ocrx_word' id='word_1_97' title='bbox 1148 1591 1192 1634; x_wconf 85' lang='lat' dir='ltr'><strong>eo</strong></span> <span class='ocrx_word' id='word_1_98' title='bbox 1203 1570 1263 1633; x_wconf 92' lang='lat' dir='ltr'><strong>im-</strong></span> 
     </span>
     <span class='ocr_line' id='line_1_15' title="bbox 234 1667 611 1751; baseline -0.011 -21"><span class='ocrx_word' id='word_1_99' title='bbox 234 1667 447 1751; x_wconf 89' lang='lat' dir='ltr'><strong>pedimentum</strong></span> <span class='ocrx_word' id='word_1_100' title='bbox 465 1670 611 1728; x_wconf 89' lang='lat' dir='ltr'><strong>oreretur.</strong></span> 
     </span>
    </p>

    <p class='ocr_par' dir='ltr' id='par_1_4' title="bbox 185 1754 1263 1938">
     <span class='ocr_line' id='line_1_16' title="bbox 185 1754 1263 1844; baseline -0.002 -21"><span class='ocrx_word' id='word_1_101' title='bbox 185 1781 216 1828; x_wconf 77' lang='lat' dir='ltr'><strong>aa</strong></span> <span class='ocrx_word' id='word_1_102' title='bbox 298 1757 503 1844; x_wconf 87' lang='lat' dir='ltr'><strong>Magnificam</strong></span> <span class='ocrx_word' id='word_1_103' title='bbox 515 1756 549 1820; x_wconf 92' lang='lat' dir='ltr'><strong>in</strong></span> <span class='ocrx_word' id='word_1_104' title='bbox 561 1755 723 1840; x_wconf 89' lang='lat' dir='ltr'><strong>publicum</strong></span> <span class='ocrx_word' id='word_1_105' title='bbox 734 1754 931 1843; x_wconf 88' lang='lat' dir='ltr'><strong>largitionem</strong></span> <span class='ocrx_word' id='word_1_106' title='bbox 944 1757 1033 1821; x_wconf 88' lang='lat' dir='ltr'><strong>auxit</strong></span> <span class='ocrx_word' id='word_1_107' title='bbox 1044 1755 1165 1822; x_wconf 85' lang='lat' dir='ltr'><strong>Caesar</strong></span> <span class='ocrx_word' id='word_1_108' title='bbox 1177 1757 1263 1821; x_wconf 88' lang='lat' dir='ltr'><strong>baud</strong></span> 
     </span>
     <span class='ocr_line' id='line_1_17' title="bbox 234 1845 1262 1938; baseline -0.003 -20"><span class='ocrx_word' id='word_1_109' title='bbox 234 1853 337 1917; x_wconf 89' lang='lat' dir='ltr'><strong>minus</strong></span> <span class='ocrx_word' id='word_1_110' title='bbox 356 1861 446 1938; x_wconf 83' lang='lat' dir='ltr'><strong>grata</strong></span> <span class='ocrx_word' id='word_1_111' title='bbox 466 1849 665 1927; x_wconf 84' lang='lat' dir='ltr'><strong>liberalitate,</strong></span> <span class='ocrx_word' id='word_1_112' title='bbox 689 1845 773 1933; x_wconf 92' lang='lat' dir='ltr'><strong>quod</strong></span> <span class='ocrx_word' id='word_1_113' title='bbox 791 1849 874 1914; x_wconf 88' lang='lat' dir='ltr'><strong>bona</strong></span> <span class='ocrx_word' id='word_1_114' title='bbox 890 1848 1046 1915; x_wconf 87' lang='lat' dir='ltr'><strong>Aemiliae</strong></span> <span class='ocrx_word' id='word_1_115' title='bbox 1063 1851 1192 1928; x_wconf 84' lang='lat' dir='ltr'><strong>Musae,</strong></span> <span class='ocrx_word' id='word_1_116' title='bbox 1215 1851 1262 1915; x_wconf 93' lang='lat' dir='ltr'><strong>lo-</strong></span> 
     </span>
    </p>

    <p class='ocr_par' dir='ltr' id='par_1_5' title="bbox 166 1941 1334 3066">
     <span class='ocr_line' id='line_1_18' title="bbox 166 1941 1261 2033; baseline -0.002 -21"><span class='ocrx_word' id='word_1_117' title='bbox 166 1961 168 1967; x_wconf 85' lang='grc'><strong><em>·</em></strong></span> <span class='ocrx_word' id='word_1_118' title='bbox 235 1946 366 2033; x_wconf 89' lang='lat' dir='ltr'><strong>cupletis</strong></span> <span class='ocrx_word' id='word_1_119' title='bbox 379 1946 553 2022; x_wconf 88' lang='lat' dir='ltr'><strong>intestatae,</strong></span> <span class='ocrx_word' id='word_1_120' title='bbox 572 1945 669 2030; x_wconf 86' lang='lat' dir='ltr'><strong>petita</strong></span> <span class='ocrx_word' id='word_1_121' title='bbox 680 1944 714 2009; x_wconf 93' lang='lat' dir='ltr'><strong>in</strong></span> <span class='ocrx_word' id='word_1_122' title='bbox 726 1944 847 2022; x_wconf 89' lang='lat' dir='ltr'><strong>fiscum,</strong></span> <span class='ocrx_word' id='word_1_123' title='bbox 860 1941 1004 2010; x_wconf 65' lang='lat' dir='ltr'><strong>&#39;Aemilio</strong></span> <span class='ocrx_word' id='word_1_124' title='bbox 1016 1945 1152 2030; x_wconf 82' lang='lat' dir='ltr'><strong>Lepido,</strong></span> <span class='ocrx_word' id='word_1_125' title='bbox 1171 1945 1261 2011; x_wconf 92' lang='lat' dir='ltr'><strong>cuius</strong></span> 
     </span>
     <span class='ocr_line' id='line_1_19' title="bbox 235 2037 1262 2122; baseline -0.002 -16"><span class='ocrx_word' id='word_1_126' title='bbox 235 2065 253 2106; x_wconf 90' lang='lat' dir='ltr'><strong>e</strong></span> <span class='ocrx_word' id='word_1_127' title='bbox 270 2042 364 2106; x_wconf 87' lang='lat' dir='ltr'><strong>domo</strong></span> <span class='ocrx_word' id='word_1_128' title='bbox 382 2038 558 2116; x_wconf 78' lang='lat' dir='ltr'><strong>ridebatur,</strong></span> <span class='ocrx_word' id='word_1_129' title='bbox 578 2037 609 2104; x_wconf 88' lang='lat' dir='ltr'><strong>et</strong></span> <span class='ocrx_word' id='word_1_130' title='bbox 625 2037 763 2117; x_wconf 88' lang='lat' dir='ltr'><strong>Patulei,</strong></span> <span class='ocrx_word' id='word_1_131' title='bbox 782 2038 887 2103; x_wconf 84' lang='lat' dir='ltr'><strong>divitis</strong></span> <span class='ocrx_word' id='word_1_132' title='bbox 906 2039 1019 2122; x_wconf 86' lang='lat' dir='ltr'><strong>equitis</strong></span> <span class='ocrx_word' id='word_1_133' title='bbox 1037 2039 1187 2116; x_wconf 87' lang='lat' dir='ltr'><strong>Romani,</strong></span> <span class='ocrx_word' id='word_1_134' title='bbox 1206 2039 1262 2104; x_wconf 87' lang='lat' dir='ltr'><strong>he-</strong></span> 
     </span>
     <span class='ocr_line' id='line_1_20' title="bbox 234 2129 1263 2219; baseline -0.004 -18"><span class='ocrx_word' id='word_1_135' title='bbox 234 2136 410 2210; x_wconf 85' lang='lat' dir='ltr'><strong>reditatem,</strong></span> <span class='ocrx_word' id='word_1_136' title='bbox 429 2155 617 2217; x_wconf 89' lang='lat' dir='ltr'><strong>quamquam</strong></span> <span class='ocrx_word' id='word_1_137' title='bbox 635 2133 703 2218; x_wconf 89' lang='lat' dir='ltr'><strong>ipse</strong></span> <span class='ocrx_word' id='word_1_138' title='bbox 720 2134 811 2198; x_wconf 90' lang='lat' dir='ltr'><strong>heres</strong></span> <span class='ocrx_word' id='word_1_139' title='bbox 828 2132 862 2197; x_wconf 91' lang='lat' dir='ltr'><strong>in</strong></span> <span class='ocrx_word' id='word_1_140' title='bbox 877 2143 966 2218; x_wconf 88' lang='lat' dir='ltr'><strong>parte</strong></span> <span class='ocrx_word' id='word_1_141' title='bbox 983 2129 1148 2219; x_wconf 84' lang='lat' dir='ltr'><strong>legeretur,</strong></span> <span class='ocrx_word' id='word_1_142' title='bbox 1167 2133 1263 2197; x_wconf 83' lang='lat' dir='ltr'><strong>tradi-</strong></span> 
     </span>
     <span class='ocr_line' id='line_1_21' title="bbox 234 2225 1261 2312; baseline -0.001 -19"><span class='ocrx_word' id='word_1_143' title='bbox 234 2229 280 2294; x_wconf 92' lang='lat' dir='ltr'><strong>dit</strong></span> <span class='ocrx_word' id='word_1_144' title='bbox 301 2228 348 2292; x_wconf 93' lang='lat' dir='ltr'><strong>M.</strong></span> <span class='ocrx_word' id='word_1_145' title='bbox 373 2226 520 2304; x_wconf 82' lang='lat' dir='ltr'><strong>Servilio,</strong></span> <span class='ocrx_word' id='word_1_146' title='bbox 547 2248 641 2310; x_wconf 92' lang='lat' dir='ltr'><strong>quem</strong></span> <span class='ocrx_word' id='word_1_147' title='bbox 662 2226 817 2312; x_wconf 81' lang='lat' dir='ltr'><strong>prioribus</strong></span> <span class='ocrx_word' id='word_1_148' title='bbox 839 2248 941 2310; x_wconf 91' lang='lat' dir='ltr'><strong>neque</strong></span> <span class='ocrx_word' id='word_1_149' title='bbox 969 2226 1123 2312; x_wconf 86' lang='lat' dir='ltr'><strong>suspectis</strong></span> <span class='ocrx_word' id='word_1_150' title='bbox 1145 2225 1261 2292; x_wconf 87' lang='lat' dir='ltr'><strong>tabulis</strong></span> 
     </span>
     <span class='ocr_line' id='line_1_22' title="bbox 235 2321 1260 2408; baseline -0.002 -20"><span class='ocrx_word' id='word_1_151' title='bbox 235 2323 384 2408; x_wconf 90' lang='lat' dir='ltr'><strong>scriptum</strong></span> <span class='ocrx_word' id='word_1_152' title='bbox 410 2330 616 2407; x_wconf 81' lang='lat' dir='ltr'><strong>compererat,</strong></span> <span class='ocrx_word' id='word_1_153' title='bbox 647 2321 842 2387; x_wconf 89' lang='lat' dir='ltr'><strong>nobilitatem</strong></span> <span class='ocrx_word' id='word_1_154' title='bbox 867 2322 1030 2404; x_wconf 88' lang='lat' dir='ltr'><strong>utriusque</strong></span> <span class='ocrx_word' id='word_1_155' title='bbox 1054 2321 1188 2407; x_wconf 81' lang='lat' dir='ltr'><strong>pecrmia</strong></span> <span class='ocrx_word' id='word_1_156' title='bbox 1213 2322 1260 2386; x_wconf 89' lang='lat' dir='ltr'><strong>iu-</strong></span> 
     </span>
     <span class='ocr_line' id='line_1_23' title="bbox 233 2415 1334 2507; baseline -0.002 -26"><span class='ocrx_word' id='word_1_157' title='bbox 233 2417 368 2481; x_wconf 80' lang='lat' dir='ltr'><strong>vandam</strong></span> <span class='ocrx_word' id='word_1_158' title='bbox 380 2416 550 2501; x_wconf 85' lang='lat' dir='ltr'><strong>praefatus.</strong></span> <span class='ocrx_word' id='word_1_159' title='bbox 573 2437 675 2499; x_wconf 90' lang='lat' dir='ltr'><strong>neque</strong></span> <span class='ocrx_word' id='word_1_160' title='bbox 688 2415 892 2507; x_wconf 83' lang='lat' dir='ltr'><strong>hereditatem</strong></span> <span class='ocrx_word' id='word_1_161' title='bbox 906 2416 1092 2498; x_wconf 88' lang='lat' dir='ltr'><strong>cuiusquam</strong></span> <span class='ocrx_word' id='word_1_162' title='bbox 1109 2415 1187 2479; x_wconf 91' lang='lat' dir='ltr'><strong>adiit</strong></span> <span class='ocrx_word' id='word_1_163' title='bbox 1199 2415 1261 2480; x_wconf 87' lang='lat' dir='ltr'><strong>nisi</strong></span> <span class='ocrx_word' id='word_1_164' title='bbox 1331 2498 1334 2503; x_wconf 10' lang='grc' dir='ltr'>ἱ</span> 
     </span>
     <span class='ocr_line' id='line_1_24' title="bbox 234 2508 1260 2596; baseline -0.001 -21"><span class='ocrx_word' id='word_1_165' title='bbox 234 2533 306 2575; x_wconf 91' lang='lat' dir='ltr'><strong>cum</strong></span> <span class='ocrx_word' id='word_1_166' title='bbox 332 2510 468 2575; x_wconf 87' lang='lat' dir='ltr'><strong>amicitia</strong></span> <span class='ocrx_word' id='word_1_167' title='bbox 493 2509 673 2575; x_wconf 88' lang='lat' dir='ltr'><strong>meruisset:</strong></span> <span class='ocrx_word' id='word_1_168' title='bbox 699 2510 825 2596; x_wconf 89' lang='lat' dir='ltr'><strong>ignotos</strong></span> <span class='ocrx_word' id='word_1_169' title='bbox 848 2518 880 2572; x_wconf 95' lang='lat' dir='ltr'><strong>et</strong></span> <span class='ocrx_word' id='word_1_170' title='bbox 900 2508 970 2573; x_wconf 84' lang='lat' dir='ltr'><strong>aliia</strong></span> <span class='ocrx_word' id='word_1_171' title='bbox 995 2508 1136 2573; x_wconf 86' lang='lat' dir='ltr'><strong>infensos</strong></span> <span class='ocrx_word' id='word_1_172' title='bbox 1159 2530 1260 2592; x_wconf 91' lang='lat' dir='ltr'><strong>eoque</strong></span> 
     </span>
     <span class='ocr_line' id='line_1_25' title="bbox 233 2601 1261 2689; baseline -0.003 -20"><span class='ocrx_word' id='word_1_173' title='bbox 233 2604 404 2689; x_wconf 90' lang='lat' dir='ltr'><strong>principem</strong></span> <span class='ocrx_word' id='word_1_174' title='bbox 422 2613 638 2689; x_wconf 90' lang='lat' dir='ltr'><strong>nuncupantes</strong></span> <span class='ocrx_word' id='word_1_175' title='bbox 659 2604 768 2688; x_wconf 92' lang='lat' dir='ltr'><strong>procul</strong></span> <span class='ocrx_word' id='word_1_176' title='bbox 790 2601 924 2668; x_wconf 82' lang='lat' dir='ltr'><strong>arcebat.</strong></span> <span class='ocrx_word' id='word_1_177' title='bbox 952 2611 1089 2667; x_wconf 92' lang='lat' dir='ltr'><strong>ceterum</strong></span> <span class='ocrx_word' id='word_1_178' title='bbox 1106 2611 1142 2666; x_wconf 92' lang='lat' dir='ltr'><strong>ut</strong></span> <span class='ocrx_word' id='word_1_179' title='bbox 1162 2601 1261 2667; x_wconf 91' lang='lat' dir='ltr'><strong>hone·</strong></span> 
     </span>
     <span class='ocr_line' id='line_1_26' title="bbox 234 2695 1259 2783; baseline 0 -21"><span class='ocrx_word' id='word_1_180' title='bbox 234 2709 315 2762; x_wconf 89' lang='lat' dir='ltr'><strong>stam</strong></span> <span class='ocrx_word' id='word_1_181' title='bbox 332 2698 543 2761; x_wconf 90' lang='lat' dir='ltr'><strong>innocentium</strong></span> <span class='ocrx_word' id='word_1_182' title='bbox 560 2707 776 2783; x_wconf 85' lang='lat' dir='ltr'><strong>paupertatem</strong></span> <span class='ocrx_word' id='word_1_183' title='bbox 792 2696 922 2774; x_wconf 86' lang='lat' dir='ltr'><strong>levavit,</strong></span> <span class='ocrx_word' id='word_1_184' title='bbox 940 2696 985 2760; x_wconf 89' lang='lat' dir='ltr'><strong>ita</strong></span> <span class='ocrx_word' id='word_1_185' title='bbox 1001 2696 1150 2782; x_wconf 90' lang='lat' dir='ltr'><strong>prodigos</strong></span> <span class='ocrx_word' id='word_1_186' title='bbox 1170 2705 1202 2761; x_wconf 94' lang='lat' dir='ltr'><strong>et</strong></span> <span class='ocrx_word' id='word_1_187' title='bbox 1219 2695 1259 2762; x_wconf 93' lang='lat' dir='ltr'><strong>ob</strong></span> 
     </span>
     <span class='ocr_line' id='line_1_27' title="bbox 228 2791 1258 2879; baseline 0.001 -23"><span class='ocrx_word' id='word_1_188' title='bbox 228 2793 351 2879; x_wconf 85' lang='lat' dir='ltr'><strong>-llagitia</strong></span> <span class='ocrx_word' id='word_1_189' title='bbox 373 2803 515 2878; x_wconf 85' lang='lat' dir='ltr'><strong>egentes,</strong></span> <span class='ocrx_word' id='word_1_190' title='bbox 538 2792 702 2857; x_wconf 89' lang='lat' dir='ltr'><strong>Vibidium</strong></span> <span class='ocrx_word' id='word_1_191' title='bbox 722 2792 922 2870; x_wconf 79' lang='lat' dir='ltr'><strong>Varronem,</strong></span> <span class='ocrx_word' id='word_1_192' title='bbox 934 2791 1073 2857; x_wconf 88' lang='lat' dir='ltr'><strong>Marium</strong></span> <span class='ocrx_word' id='word_1_193' title='bbox 1093 2791 1258 2877; x_wconf 87' lang='lat' dir='ltr'><strong>Nepotem,</strong></span> 
     </span>
     <span class='ocr_line' id='line_1_28' title="bbox 232 2884 1258 2970; baseline 0.001 -20"><span class='ocrx_word' id='word_1_194' title='bbox 232 2885 375 2970; x_wconf 89' lang='lat' dir='ltr'><strong>Appium</strong></span> <span class='ocrx_word' id='word_1_195' title='bbox 404 2885 600 2970; x_wconf 84' lang='lat' dir='ltr'><strong>Appianum,</strong></span> <span class='ocrx_word' id='word_1_196' title='bbox 633 2885 816 2951; x_wconf 87' lang='lat' dir='ltr'><strong>Cornelium</strong></span> <span class='ocrx_word' id='word_1_197' title='bbox 843 2884 980 2964; x_wconf 87' lang='lat' dir='ltr'><strong>Sullam,</strong></span> <span class='ocrx_word' id='word_1_198' title='bbox 1013 2886 1053 2970; x_wconf 81' lang='lat' dir='ltr'><strong>Q.</strong></span> <span class='ocrx_word' id='word_1_199' title='bbox 1085 2885 1258 2964; x_wconf 91' lang='lat' dir='ltr'><strong>Vitellium,</strong></span> 
     </span>
     <span class='ocr_line' id='line_1_29' title="bbox 233 2979 994 3066; baseline 0.003 -24"><span class='ocrx_word' id='word_1_200' title='bbox 233 2979 331 3044; x_wconf 87' lang='lat' dir='ltr'><strong>movit</strong></span> <span class='ocrx_word' id='word_1_201' title='bbox 349 2988 458 3043; x_wconf 88' lang='lat' dir='ltr'><strong>senatu</strong></span> <span class='ocrx_word' id='word_1_202' title='bbox 476 2991 530 3043; x_wconf 91' lang='lat' dir='ltr'><strong>aut</strong></span> <span class='ocrx_word' id='word_1_203' title='bbox 547 2989 658 3064; x_wconf 89' lang='lat' dir='ltr'><strong>sponte</strong></span> <span class='ocrx_word' id='word_1_204' title='bbox 676 2981 787 3045; x_wconf 89' lang='lat' dir='ltr'><strong>cedere</strong></span> <span class='ocrx_word' id='word_1_205' title='bbox 803 3003 917 3066; x_wconf 90' lang='lat' dir='ltr'><strong>passus</strong></span> <span class='ocrx_word' id='word_1_206' title='bbox 936 2991 994 3045; x_wconf 84' lang='lat' dir='ltr'><strong>est</strong></span> 
     </span>
    </p>

    <p class='ocr_par' dir='ltr' id='par_1_6' title="bbox 182 3072 1260 3630">
     <span class='ocr_line' id='line_1_30' title="bbox 182 3072 1260 3160; baseline 0.006 -26"><span class='ocrx_word' id='word_1_207' title='bbox 182 3095 214 3143; x_wconf 79' lang='lat'><strong>49</strong></span> <span class='ocrx_word' id='word_1_208' title='bbox 297 3073 404 3137; x_wconf 93' lang='lat' dir='ltr'><strong>Isdem</strong></span> <span class='ocrx_word' id='word_1_209' title='bbox 421 3072 613 3158; x_wconf 85' lang='lat' dir='ltr'><strong>temporibus</strong></span> <span class='ocrx_word' id='word_1_210' title='bbox 632 3074 726 3138; x_wconf 89' lang='lat' dir='ltr'><strong>deum</strong></span> <span class='ocrx_word' id='word_1_211' title='bbox 744 3075 838 3138; x_wconf 88' lang='lat' dir='ltr'><strong>aedes</strong></span> <span class='ocrx_word' id='word_1_212' title='bbox 856 3083 1011 3140; x_wconf 87' lang='lat' dir='ltr'><strong>vetustate</strong></span> <span class='ocrx_word' id='word_1_213' title='bbox 1028 3083 1083 3139; x_wconf 86' lang='lat' dir='ltr'><strong>aut</strong></span> <span class='ocrx_word' id='word_1_214' title='bbox 1099 3073 1260 3160; x_wconf 86' lang='lat' dir='ltr'><strong>iguiabo-</strong></span> 
     </span>
     <span class='ocr_line' id='line_1_31' title="bbox 229 3164 1260 3254; baseline 0.006 -26"><span class='ocrx_word' id='word_1_215' title='bbox 229 3164 303 3232; x_wconf 85' lang='lat' dir='ltr'><strong>litas</strong></span> <span class='ocrx_word' id='word_1_216' title='bbox 325 3175 514 3251; x_wconf 90' lang='lat' dir='ltr'><strong>coeptasque</strong></span> <span class='ocrx_word' id='word_1_217' title='bbox 536 3166 576 3231; x_wconf 92' lang='lat' dir='ltr'><strong>ab</strong></span> <span class='ocrx_word' id='word_1_218' title='bbox 598 3165 748 3254; x_wconf 89' lang='lat' dir='ltr'><strong>Augusto</strong></span> <span class='ocrx_word' id='word_1_219' title='bbox 771 3168 939 3246; x_wconf 84' lang='lat' dir='ltr'><strong>dedicavit,</strong></span> <span class='ocrx_word' id='word_1_220' title='bbox 966 3168 1086 3234; x_wconf 87' lang='lat' dir='ltr'><strong>Libero</strong></span> <span class='ocrx_word' id='word_1_221' title='bbox 1106 3168 1260 3234; x_wconf 90' lang='lat' dir='ltr'><strong>Liberae-</strong></span> 
     </span>
     <span class='ocr_line' id='line_1_32' title="bbox 232 3259 1258 3345; baseline 0.001 -20"><span class='ocrx_word' id='word_1_222' title='bbox 232 3282 294 3345; x_wconf 88' lang='lat' dir='ltr'><strong>que</strong></span> <span class='ocrx_word' id='word_1_223' title='bbox 311 3270 343 3324; x_wconf 90' lang='lat' dir='ltr'><strong>et</strong></span> <span class='ocrx_word' id='word_1_224' title='bbox 357 3259 464 3325; x_wconf 89' lang='lat' dir='ltr'><strong>Cereri</strong></span> <span class='ocrx_word' id='word_1_225' title='bbox 477 3261 564 3327; x_wconf 84' lang='lat' dir='ltr'><strong>iuxta</strong></span> <span class='ocrx_word' id='word_1_226' title='bbox 577 3262 693 3327; x_wconf 89' lang='lat' dir='ltr'><strong>circum</strong></span> <span class='ocrx_word' id='word_1_227' title='bbox 711 3263 893 3339; x_wconf 86' lang='lat' dir='ltr'><strong>maximum,</strong></span> <span class='ocrx_word' id='word_1_228' title='bbox 912 3284 1007 3345; x_wconf 91' lang='lat' dir='ltr'><strong>quam</strong></span> <span class='ocrx_word' id='word_1_229' title='bbox 1019 3260 1062 3326; x_wconf 81' lang='lat' dir='ltr'><strong>A.</strong></span> <span class='ocrx_word' id='word_1_230' title='bbox 1075 3261 1258 3328; x_wconf 88' lang='lat' dir='ltr'><strong>Postumius</strong></span> 
     </span>
     <span class='ocr_line' id='line_1_33' title="bbox 232 3356 1259 3440; baseline 0.001 -20"><span class='ocrx_word' id='word_1_231' title='bbox 232 3356 363 3421; x_wconf 86' lang='lat' dir='ltr'><strong>dictator</strong></span> <span class='ocrx_word' id='word_1_232' title='bbox 379 3365 516 3433; x_wconf 85' lang='lat' dir='ltr'><strong>voverat,</strong></span> <span class='ocrx_word' id='word_1_233' title='bbox 536 3357 707 3440; x_wconf 92' lang='lat' dir='ltr'><strong>eodemque</strong></span> <span class='ocrx_word' id='word_1_234' title='bbox 724 3357 758 3420; x_wconf 93' lang='lat' dir='ltr'><strong>in</strong></span> <span class='ocrx_word' id='word_1_235' title='bbox 774 3356 844 3422; x_wconf 93' lang='lat' dir='ltr'><strong>loco</strong></span> <span class='ocrx_word' id='word_1_236' title='bbox 859 3358 972 3421; x_wconf 85' lang='lat' dir='ltr'><strong>aedem</strong></span> <span class='ocrx_word' id='word_1_237' title='bbox 989 3356 1172 3434; x_wconf 60' lang='lat' dir='ltr'><strong>Florae-ab</strong></span> <span class='ocrx_word' id='word_1_238' title='bbox 1188 3357 1259 3423; x_wconf 87' lang='lat' dir='ltr'><strong>Lu-</strong></span> 
     </span>
     <span class='ocr_line' id='line_1_34' title="bbox 232 3448 1258 3527; baseline 0.001 -14"><span class='ocrx_word' id='word_1_239' title='bbox 232 3450 281 3514; x_wconf 86' lang='lat' dir='ltr'><strong>cio</strong></span> <span class='ocrx_word' id='word_1_240' title='bbox 311 3459 343 3514; x_wconf 92' lang='lat' dir='ltr'><strong>et</strong></span> <span class='ocrx_word' id='word_1_241' title='bbox 367 3449 478 3514; x_wconf 88' lang='lat' dir='ltr'><strong>Marco</strong></span> <span class='ocrx_word' id='word_1_242' title='bbox 508 3448 659 3515; x_wconf 88' lang='lat' dir='ltr'><strong>Publiciis</strong></span> <span class='ocrx_word' id='word_1_243' title='bbox 690 3450 843 3516; x_wconf 87' lang='lat' dir='ltr'><strong>aedilibus</strong></span> <span class='ocrx_word' id='word_1_244' title='bbox 872 3450 1090 3527; x_wconf 89' lang='lat' dir='ltr'><strong>constitutam,</strong></span> <span class='ocrx_word' id='word_1_245' title='bbox 1121 3459 1154 3514; x_wconf 88' lang='lat' dir='ltr'><strong>et</strong></span> <span class='ocrx_word' id='word_1_246' title='bbox 1179 3450 1258 3514; x_wconf 88' lang='lat' dir='ltr'><strong>Iano</strong></span> 
     </span>
     <span class='ocr_line' id='line_1_35' title="bbox 233 3544 1258 3630; baseline 0.001 -23"><span class='ocrx_word' id='word_1_247' title='bbox 233 3544 393 3630; x_wconf 92' lang='lat' dir='ltr'><strong>templum,</strong></span> <span class='ocrx_word' id='word_1_248' title='bbox 416 3544 501 3628; x_wconf 93' lang='lat' dir='ltr'><strong>quod</strong></span> <span class='ocrx_word' id='word_1_249' title='bbox 518 3545 603 3630; x_wconf 89' lang='lat' dir='ltr'><strong>apud</strong></span> <span class='ocrx_word' id='word_1_250' title='bbox 620 3545 723 3610; x_wconf 81' lang='lat' dir='ltr'><strong>forum</strong></span> <span class='ocrx_word' id='word_1_251' title='bbox 740 3545 903 3610; x_wconf 85' lang='lat' dir='ltr'><strong>olitorium·</strong></span> <span class='ocrx_word' id='word_1_252' title='bbox 916 3545 954 3611; x_wconf 81' lang='lat' dir='ltr'><strong>O.</strong></span> <span class='ocrx_word' id='word_1_253' title='bbox 972 3545 1117 3610; x_wconf 82' lang='lat' dir='ltr'><strong>Duellius</strong></span> <span class='ocrx_word' id='word_1_254' title='bbox 1136 3553 1258 3609; x_wconf 82' lang='lat' dir='ltr'><strong>struxe-</strong></span> 
     </span>
    </p>
   </div>
   <div class='ocr_carea' id='block_1_3' title="bbox 86 3625 1258 4196">
    <p class='ocr_par' dir='ltr' id='par_1_7' title="bbox 86 3625 1258 4196">
     <span class='ocr_line' id='line_1_36' title="bbox 231 3625 1258 3725; baseline 0.001 -24"><span class='ocrx_word' id='word_1_255' title='bbox 231 3650 293 3715; x_wconf 88' lang='lat' dir='ltr'><strong>rat,</strong></span> <span class='ocrx_word' id='word_1_256' title='bbox 324 3638 378 3722; x_wconf 94' lang='lat' dir='ltr'><strong>qui</strong></span> <span class='ocrx_word' id='word_1_257' title='bbox 407 3638 527 3723; x_wconf 90' lang='lat' dir='ltr'><strong>primus</strong></span> <span class='ocrx_word' id='word_1_258' title='bbox 557 3661 625 3704; x_wconf 91' lang='lat' dir='ltr'><strong>rem</strong></span> <span class='ocrx_word' id='word_1_259' title='bbox 659 3639 836 3704; x_wconf 85' lang='lat' dir='ltr'><strong>Romanam</strong></span> <span class='ocrx_word' id='word_1_260' title='bbox 866 3661 1015 3725; x_wconf 88' lang='lat' dir='ltr'><strong>prospere</strong></span> <span class='ocrx_word' id='word_1_261' title='bbox 1044 3637 1124 3703; x_wconf 89' lang='lat' dir='ltr'><strong>mari</strong></span> <span class='ocrx_word' id='word_1_262' title='bbox 1158 3625 1258 3724; x_wconf 77' lang='lat' dir='ltr'><strong>gessit</strong></span> 
     </span>
     <span class='ocr_line' id='line_1_37' title="bbox 232 3729 1257 3818; baseline 0.002 -23"><span class='ocrx_word' id='word_1_263' title='bbox 232 3733 485 3818; x_wconf 91' lang='lat' dir='ltr'><strong>triumphumque</strong></span> <span class='ocrx_word' id='word_1_264' title='bbox 512 3733 657 3799; x_wconf 87' lang='lat' dir='ltr'><strong>navalem</strong></span> <span class='ocrx_word' id='word_1_265' title='bbox 684 3734 724 3798; x_wconf 92' lang='lat' dir='ltr'><strong>de</strong></span> <span class='ocrx_word' id='word_1_266' title='bbox 749 3732 867 3798; x_wconf 88' lang='lat' dir='ltr'><strong>Poenis</strong></span> <span class='ocrx_word' id='word_1_267' title='bbox 893 3733 1020 3810; x_wconf 83' lang='lat' dir='ltr'><strong>meruit3</strong></span> <span class='ocrx_word' id='word_1_268' title='bbox 1054 3729 1133 3818; x_wconf 87' lang='lat' dir='ltr'><strong>Spei</strong></span> <span class='ocrx_word' id='word_1_269' title='bbox 1163 3732 1257 3797; x_wconf 85' lang='lat' dir='ltr'><strong>aedes</strong></span> 
     </span>
     <span class='ocr_line' id='line_1_38' title="bbox 233 3824 1257 3984; baseline 0 -94"><span class='ocrx_word' id='word_1_270' title='bbox 233 3824 463 3984; x_wconf 54' lang='lat' dir='ltr'><strong>pelsliprmanico</strong></span> <span class='ocrx_word' id='word_1_271' title='bbox 490 3837 644 3894; x_wconf 86' lang='lat' dir='ltr'><strong>sacratur:</strong></span> <span class='ocrx_word' id='word_1_272' title='bbox 670 3827 752 3893; x_wconf 90' lang='lat' dir='ltr'><strong>hanc</strong></span> <span class='ocrx_word' id='word_1_273' title='bbox 778 3826 820 3892; x_wconf 89' lang='lat' dir='ltr'><strong>A.</strong></span> <span class='ocrx_word' id='word_1_274' title='bbox 848 3825 965 3892; x_wconf 88' lang='lat' dir='ltr'><strong>Atilius</strong></span> <span class='ocrx_word' id='word_1_275' title='bbox 991 3836 1121 3892; x_wconf 86' lang='lat' dir='ltr'><strong>voverat</strong></span> <span class='ocrx_word' id='word_1_276' title='bbox 1147 3827 1257 3892; x_wconf 90' lang='lat' dir='ltr'><strong>eodem</strong></span> 
     </span>
     <span class='ocr_line' id='line_1_39' title="bbox 86 3980 1257 4101; baseline 0.006 -30"><span class='ocrx_word' id='word_1_277' title='bbox 86 4014 110 4071; x_wconf 60' lang='lat' dir='ltr'><strong>a</strong></span> <span class='ocrx_word' id='word_1_278' title='bbox 183 4031 215 4078; x_wconf 77' lang='lat'><strong>50</strong></span> <span class='ocrx_word' id='word_1_279' title='bbox 262 4060 264 4064; x_wconf 86' lang='lat'><em>-</em></span> <span class='ocrx_word' id='word_1_280' title='bbox 295 4010 507 4080; x_wconf 80' lang='lat' dir='ltr'><strong>Adolescebat</strong></span> <span class='ocrx_word' id='word_1_281' title='bbox 528 4015 647 4082; x_wconf 87' lang='lat' dir='ltr'><strong>interea</strong></span> <span class='ocrx_word' id='word_1_282' title='bbox 667 4015 720 4081; x_wconf 88' lang='lat' dir='ltr'><strong>lex</strong></span> <span class='ocrx_word' id='word_1_283' title='bbox 742 4016 928 4094; x_wconf 79' lang='lat' dir='ltr'><strong>maiestatis3</strong></span> <span class='ocrx_word' id='word_1_284' title='bbox 951 4025 983 4080; x_wconf 93' lang='lat' dir='ltr'><strong>et</strong></span> <span class='ocrx_word' id='word_1_285' title='bbox 1003 3980 1175 4101; x_wconf 77' lang='lat' dir='ltr'><strong>Apuleiani</strong></span> <span class='ocrx_word' id='word_1_286' title='bbox 1193 4012 1257 4078; x_wconf 84' lang='lat' dir='ltr'><strong>Va·</strong></span> 
     </span>
     <span class='ocr_line' id='line_1_40' title="bbox 231 4105 1256 4196; baseline 0.002 -27"><span class='ocrx_word' id='word_1_287' title='bbox 231 4105 342 4183; x_wconf 86' lang='lat' dir='ltr'><strong>rillam‚</strong></span> <span class='ocrx_word' id='word_1_288' title='bbox 362 4107 475 4172; x_wconf 86' lang='lat' dir='ltr'><strong>sororis</strong></span> <span class='ocrx_word' id='word_1_289' title='bbox 489 4106 628 4196; x_wconf 84' lang='lat' dir='ltr'><strong>Augusti</strong></span> <span class='ocrx_word' id='word_1_290' title='bbox 641 4120 777 4196; x_wconf 87' lang='lat' dir='ltr'><strong>neptem,</strong></span> <span class='ocrx_word' id='word_1_291' title='bbox 796 4110 869 4194; x_wconf 87' lang='lat' dir='ltr'><strong>quia</strong></span> <span class='ocrx_word' id='word_1_292' title='bbox 881 4109 1041 4196; x_wconf 87' lang='lat' dir='ltr'><strong>probrosis</strong></span> <span class='ocrx_word' id='word_1_293' title='bbox 1060 4106 1256 4177; x_wconf 89' lang='lat' dir='ltr'><strong>sermonibus</strong></span> 
     </span>
    </p>
   </div>
   <div class='ocr_carea' id='block_1_4' title="bbox 0 0 1384 4874">
    <p class='ocr_par' dir='ltr' id='par_1_8' title="bbox 0 0 1384 4874">
     <span class='ocr_line' id='line_1_41' title="bbox 0 0 1384 4874; baseline 0 2"><span class='ocrx_word' id='word_1_294' title='bbox 0 0 1384 4874; x_wconf 95' lang='lat' dir='ltr'><strong> </strong></span> 
     </span>
    </p>
   </div>
  </div>
 </body>
</html>
