2760 4874
182 419 231 466 XL
457 421 495 462 DE
519 420 655 465 CORNELII
672 419 768 462 usum
787 420 856 463 VITA
874 421 991 464 mantuo

181 534 275 588 nullae
286 533 341 588 iarn
352 536 469 588 orantet
481 531 612 586 inlocum
622 549 716 587 earum
736 533 824 588 debat
852 536 934 587 vetus
966 535 1080 586 senatus
1116 531 1271 588 auctoritas

181 606 358 656 successerat
374 601 519 654 incondita
532 601 582 655 illa
594 602 716 654 multitu·
736 601 862 673 quamvis
873 617 957 669 saepe
971 600 1021 655 illa
1035 606 1089 654 eta
1100 598 1271 655 Caesaribus

181 670 231 737 da,
256 671 301 723 cui
323 668 418 722 nullus
441 674 502 722 erat
523 669 564 723 rei
584 669 716 789 publicae
736 669 1109 738 contumelioseproculcata
1118 669 1189 723 etab
1199 667 1271 738 ipsis

183 754 269 806 amor,
281 738 331 792 sed
340 742 588 806 tantumspectacu
601 754 679 791 orum
689 744 718 791 et
736 737 913 793 senatoribus
923 736 1041 806 turpiter
1045 735 1181 806 proiecta,
1192 754 1271 792 num-

182 805 249 859 volu
269 812 358 860 tatum
372 805 518 873 cupido²24
528 811 556 858 et
568 822 625 859 una
638 822 672 859 ex
686 823 716 859 re
756 823 821 859 uam
830 811 924 859 tamen
933 804 974 858 ita
982 804 1272 860 totaextinctautnon

180 823 555 995 prodeaannonaeeurasu
564 873 717 927 Praeterea
735 892 752 928 a
764 874 850 943 iquod
860 873 889 926 in
899 888 933 927 ea
945 872 1086 927 libertatis
1098 873 1272 941 praesidium

206 941 296 996 acitus
307 957 392 1010 saepe
407 946 617 1009 commemorat,
634 957 716 1011 quam
735 941 1102 1012 superessecrederetur.²³⁰
1120 939 1213 1004 Quare
1224 958 1272 996 eo·

182 1009 315 1079 ignavum
325 1008 422 1076 fuerit,
443 1025 527 1079 quarn
540 1008 715 1077 inconstans,
735 1027 794 1063 rum
805 1009 936 1076 omnium,
965 1009 994 1062 ui
1003 1008 1163 1063 libertatem
1174 1010 1270 1064 defen-

181 1076 716 1158 quamimperituminanibusquerumo·
735 1079 802 1132 dere
812 1078 857 1131 vel
866 1026 1068 1146 novisiegibus
1078 1077 1270 1148 institutisque

180 1146 259 1200 rubus
274 1145 411 1212 deditum,
428 1161 511 1215 quam
525 1161 617 1199 rerum
631 1161 716 1199 nova·
735 1145 881 1199 firmareet
889 1161 994 1214 augere
1000 1145 1113 1213 vellent,
1124 1147 1270 1200 unumhoc

180 1231 240 1266 rum
251 1213 382 1282 cupidum
392 1218 422 1266 at
443 1229 476 1266 ue
486 1212 556 1282 ipsis
567 1212 651 1267 etiam
660 1230 716 1267 ma·
735 1220 796 1268 erat
805 1230 950 1267 commune
960 1229 994 1266 ac
1003 1213 1194 1267 necessarium
1204 1229 1270 1267 con-

180 1281 215 1334 lis
229 1281 271 1335 rei
282 1280 414 1350 publicae
423 1231 538 1334 iactum
552 1280 655 1350 vulgus
673 1298 715 1334 ur·
736 1282 836 1349 silium,
847 1287 879 1334 ut
889 1287 1003 1335 senatus
1010 1281 1174 1350 dignitatem
1184 1287 1214 1336 et
1223 1299 1271 1336 au-

180 1349 335 1403 banum.m
357 1348 428 1403 Nam
443 1348 497 1401 etsi
510 1350 642 1401 sordidam
652 1366 716 1418 par·
735 1351 891 1403 ctoritatem
905 1349 1036 1403 foverent
1048 1354 1077 1403 et
1090 1348 1226 1419 quiequid
1235 1350 1271 1404 de

180 1427 229 1470 tem
242 1417 326 1486 plebis
344 1416 512 1485 appellatus
534 1422 566 1470 ut
587 1416 716 1470 videatur
735 1417 845 1471 infinita
853 1416 1028 1486 principatus
1041 1416 1069 1469 vi
1080 1417 1153 1471 demi
1162 1423 1271 1487 posset,

180 1485 264 1541 aliam
280 1489 389 1552 partem
402 1483 593 1538 honestiorem
606 1485 716 1538 intelle·
734 1486 764 1539 id
774 1501 854 1539 omne
865 1485 903 1538 ad
912 1490 1026 1538 senatus
1039 1489 1212 1553 potestatem
1222 1502 1271 1540 au-

179 1568 328 1622 gere,non
337 1557 431 1605 tamen
440 1550 506 1605 huic
514 1552 657 1621 propriam
666 1552 716 1606 ali·
735 1554 855 1634 gendum
870 1557 1074 1606 converterent
1095 1551 1180 1606 Hanc
1197 1553 1272 1607 riam

201 1621 326 1674 uamvim
335 1619 514 1673 tribuendam
523 1620 716 1674 essesatisde·
734 1640 762 1674 m
798 1637 878 1674 essue
902 1619 1073 1674 clarissimus
1100 1621 1142 1674 vir
1163 1621 1272 1676 Paetus

180 1637 270 1742 ‘cisra
279 1704 327 1756 eo,
342 1688 419 1758 quod
432 1687 501 1742 alibi
510 1698 613 1758 partem
624 1690 718 1758 populi
735 1691 760 1743 Τ
782 1705 864 1742 rasea
878 1688 1092 1757 omnitempore
1107 1705 1209 1743 ornare
1229 1705 1272 1743 se-

178 1758 305 1826 intepram
319 1754 462 1825 significat
475 1772 536 1810 eam
550 1773 627 1824 esse,
644 1773 715 1828 quae
734 1763 831 1811 natum
843 1757 959 1826 eiusque
973 1757 1133 1810 libertatem
1142 1762 1172 1810 et
1181 1756 1272 1827 digni-

179 1842 222 1877 ma
240 1826 280 1877 nis
292 1825 407 1884 domibus
424 1826 526 1877 adnexa
541 1823 633 1892 sit3228
650 1842 716 1878 nam
735 1831 821 1880 tatem
831 1824 904 1878 tueri
914 1825 1074 1892 studuerat,
1090 1824 1169 1878 cuius
1179 1840 1271 1879 exem·

179 1843 271 1945 tritius
289 1892 412 1946 urbanas
430 1891 529 1971 populi
543 1908 578 1945 no
593 1910 640 1945 sus
661 1892 715 1946 ice·
733 1894 813 1963 plum
827 1909 884 1946 non
902 1893 986 1945 modo
1000 1892 1103 1962 reliqui
1116 1891 1205 1947 Stoici
1220 1893 1273 1946 sed

181 1910 659 2029 murretinuisseaquuamreipubl

181 2045 289 2094 curam,
301 2028 398 2081 obstat
407 2027 479 2082 alius
488 2028 578 2096 locus,
591 2044 646 2098 quo
657 2045 715 2082 non
734 2030 838 2083 bantur
857 2033 894 2071 2³1
904 2029 1033 2099 interque
1043 2044 1093 2082 eos
1103 2045 1168 2082 cum
1177 2029 1271 2082 lero

179 2096 265 2165 vulgo
277 2096 328 2148 sed
338 2095 391 2149 soli
406 2096 517 2149 senatui
531 2101 560 2149 et
573 2095 716 2166 equitibus
735 2097 819 2152 etiam
834 2069 964 2165 iacitus,
984 2096 1032 2167 qui
1051 2096 1103 2150 soli
1118 2096 1229 2150 senatui
1243 2103 1273 2151 et

180 2163 303 2234 aliquam
312 2168 420 2232 partem
431 2170 461 2217 et
470 2180 565 2217 curam
574 2165 615 2218 rei
624 2164 715 2233 publi·
735 2165 878 2220 nobilibus
891 2164 1031 2218 libertatis
1046 2163 1168 2218 studium
1182 2163 1271 2218 fuisse

181 2248 231 2286 cae
241 2231 328 2285 fuisse
338 2236 514 2299 testatu1322⁹
524 2231 716 2286 neoverofieri
735 2233 802 2287 satis
818 2232 956 2300 declarat,
972 2249 1034 2286 cum
1048 2238 1077 2286 et
1084 2231 1207 2303 Augusti
1221 2250 1272 2302 po·

178 2299 284 2369 potuit,
295 2305 327 2353 ut
337 2300 389 2353 sub
399 2299 615 2368 imperatoribus
627 2300 650 2353 si
660 2317 716 2371 qua
734 2301 839 2356 tentiae
857 2300 997 2355 neminem
1015 2302 1195 2354 adversatum
1207 2317 1271 2354 esse

179 2368 295 2422 t'uerunt
304 2367 398 2422 civilia
407 2368 501 2422 studia
509 2367 539 2421 in
553 2368 715 2422 honestiore
734 2369 774 2423 ita
789 2370 964 2423 demonstrat
977 2368 1100 2422 utnulla
1117 2368 1195 2423 facta
1207 2369 1271 2422 reli-

180 2436 279 2505 populi
288 2443 382 2505 parte,
399 2436 511 2490 diversa
521 2442 616 2490 essent
624 2436 661 2490 ab
671 2435 714 2502 iis,
735 2453 853 2517 quorum
866 2436 968 2490 civium
983 2436 1124 2490 mentione
1140 2437 1175 2490 de
1191 2437 1272 2491 nobi-

181 2519 253 2573 quae
267 2504 340 2558 inter·
354 2503 504 2572 optimates
518 2504 660 2574 vigebant.
678 2504 716 2556 Hi
735 2506 808 2559 lrbus
819 2510 926 2558 tantum
935 2510 1010 2573 agat,
1016 2509 1053 2548 ²³2
1064 2510 1093 2558 et
1101 2503 1272 2573 postDomi·

181 2572 715 2642 adtemquamquamsaepeautinertiae
734 2570 1272 2642 tianiquindeoimannosatrocissimos
1316 2599 1320 2602 ⁴

181 2640 330 2694 sedabant
342 2646 392 2694 aut
407 2656 504 2694 servos
519 2657 549 2694 se
558 2639 716 2709 principum
735 2640 804 2695 dicit
815 2656 923 2708 paucos
938 2640 1103 2708 superstites
1117 2657 1194 2709 esse,
1214 2657 1272 2693 non

180 2706 292 2760 libidini
301 2708 482 2774 addicebant,
498 2712 716 2776 acceperantta-
735 2708 863 2777 profecto
879 2723 991 2760 omnem
1005 2707 1106 2761 civium
1119 2708 1272 2762 multitudi-

179 2791 244 2828 men
259 2791 276 2828 a
288 2775 441 2828 maioribus
460 2775 541 2846 quasi
553 2791 605 2844 per
618 2792 716 2829 manns
735 2793 798 2829 nem
812 2775 981 2844 intellegens
996 2776 1046 2830 sed
1057 2781 1200 2830 senatores
1212 2792 1271 2842 eos,

180 2843 312 2896 traditam
327 2842 466 2896 libertatis
486 2860 580 2896 curam
597 2843 715 2922 ipsaque
736 2843 872 2914 quiinviti
882 2843 1038 2897 Domitiani
1052 2843 1199 2898 saevitiam
1208 2860 1271 2912 per-

180 2909 266 2964 etiam
287 2909 435 2964 nobilitate
459 2928 510 2964 sua
531 2910 614 2963 invisi
636 2915 717 2964 erant
735 2911 1272 2981 pessiessentetTraianoprinoipcrem

180 2977 356 3048 principibus
371 2985 400 3032 et
413 2979 449 3032 ad
463 2995 573 3033 omnem
587 2978 715 3032 iniuriam
734 2979 876 3059 publicam
889 2984 966 3033 recte
981 2996 1079 3049 gerere
1097 2983 1272 3048 possent32³³

180 3047 355 3126 comagisex
377 3046 450 3115 ositi,
481 3046 645 3115 uodopibns
657 3063 716 3100 sae·
734 3054 829 3119 rtaque
840 3047 1272 3116 peromneshistoriarumanna·

180 3065 440 3182 vitiamrrritabanu
450 3065 578 3184 picrique
585 3117 678 3194 legum
688 3121 717 3168 et
734 3116 1272 3196 liumquelibrospraeaipuacuraenar-

180 3184 357 3252 negotiorum
370 3182 547 3252 publicorum
561 3184 663 3252 peritia
676 3183 715 3237 in·
734 3190 779 3238 rat
793 3202 816 3237 sr
831 3183 899 3255 quid
918 3183 947 3236 in
967 3188 1067 3238 senatu
1084 3183 1219 3238 memoria
1232 3184 1272 3237 di-

181 3250 315 3320 signeaac
325 3251 574 3320 gestishonoribus
580 3251 714 3319 illustres,
734 3269 819 3373 fnum
829 3258 922 3306 actum
932 3258 983 3319 est,
995 3251 1053 3305 sive
1064 3269 1125 3306 cum
1135 3251 1273 3306 laudabili

180 3319 309 3373 nonnulli
319 3319 402 3373 etiam
410 3319 516 3373 bellica
529 3320 621 3389 gloria
630 3327 659 3374 ct
668 3320 715 3372 mi·
745 3322 865 3374 rbertate
881 3324 995 3374 senatus
1009 3319 1157 3388 pristinam
1175 3325 1272 3389 aucto-

180 3387 260 3440 litum
270 3387 406 3441 civiumve
421 3387 520 3440 studiis
531 3406 616 3456 supra
625 3388 714 3456 priva·
733 3389 844 3442 ritatem
854 3394 883 3442 et
892 3387 1014 3457 speciem
1027 3388 1125 3459 reique
1139 3387 1272 3457 publicae

179 3461 271 3509 torum
280 3455 526 3510 hominumlocum
540 3457 621 3525 elati,
636 3473 714 3511 acce·
733 3457 857 3528 aliquam
879 3455 1029 3525 imaginem
1052 3456 1174 3510 retinere
1192 3457 1270 3510 visus

184 3557 343 3564 ---—
734 3530 789 3593 est,
807 3526 873 3578 sive
892 3540 954 3577 oum
976 3524 1006 3578 in
1029 3530 1109 3592 turpe
1129 3523 1273 3578 servitium

204 3596 243 3642 224
260 3594 318 3635 Anu.
329 3597 386 3643 xlv,
392 3597 425 3635 14.
434 3596 481 3643 XV,
491 3597 523 3636 36.
533 3596 583 3638 hist.
594 3597 632 3644 111,
643 3597 674 3635 83.
685 3596 713 3635 os.

180 3646 235 3684 Ptin.
246 3657 279 3695 ep.
290 3647 326 3694 IX,
337 3649 356 3693 6,
367 3650 386 3687 3.
758 3648 796 3688 230
814 3647 870 3686 Hinc
880 3647 932 3686 S.P.
939 3646 966 3696 Q.
976 3647 1001 3686 R.
1012 3647 1135 3688 oblitterata
1143 3647 1239 3695 nomina,
1250 3651 1273 3686 et

205 3699 243 3736 228
260 3699 317 3736 Hist.
327 3699 364 3745 lv,
375 3700 406 3741 38.
421 3699 478 3738 Anu.
489 3700 506 3746 1,
516 3702 536 3739 2.
549 3699 578 3746 ΙΙ,
588 3700 621 3738 st.
635 3699 672 3746 VI,
683 3699 712 3737 19.
733 3701 804 3738 tamen
813 3700 912 3747 speciosa
921 3702 943 3737 et
948 3709 1063 3748 numquam
1073 3699 1175 3745 obscura,
1186 3700 1272 3738 etiamsi

181 3749 228 3794 xli,
238 3750 270 3787 43.
279 3749 326 3795 XV,
337 3750 368 3788 33.
732 3751 846 3800 allquaudo
856 3750 1014 3797 obumbrantur,
1025 3751 1076 3789 bist.
1085 3751 1103 3797 1,
1114 3751 1146 3788 53.
1157 3752 1189 3789 37.
1198 3750 1227 3798 ΙΙ,
1238 3751 1271 3790 82.

206 3801 243 3838 223
260 3800 309 3838 Vid.
320 3801 370 3839 hist.
380 3801 397 3847 1,
407 3803 427 3839 4.
433 3803 464 3840 32.
476 3803 507 3840 35.
514 3803 546 3841 38.
557 3803 588 3842 40.
599 3803 632 3842 88.
642 3803 674 3842 80.
685 3802 712 3848 11,
733 3806 754 3840 ct
763 3802 842 3850 grande
848 3804 979 3840 momentum
988 3803 1104 3840 innomine
1113 3801 1171 3842 urbis
1177 3812 1202 3841 sc
1210 3812 1272 3851 prse-

180 3850 212 3888 80.
223 3850 261 3896 111,
272 3852 304 3888 35.
314 3853 346 3889 38.
357 3853 388 3890 84.
399 3854 431 3890 74.
441 3855 473 3892 83.
483 3855 515 3892 85.
526 3857 548 3892 et
556 3853 615 3892 alibi.
732 3857 793 3892 tanto
803 3857 897 3892 senatus.
907 3853 980 3899 hlotl,
987 3855 1019 3891 76.
1034 3853 1063 3892 Et
1072 3853 1129 3892 haud
1139 3853 1204 3891 dublo
1213 3854 1271 3894 sun-

207 3902 244 3939 227
263 3901 320 3939 Hist.
330 3902 368 3947 111,
379 3904 411 3941 74.
733 3905 769 3942 citi
783 3907 855 3942 monte
870 3907 903 3943 est
916 3904 1025 3952 praeclara
1040 3904 1077 3942 ills
1091 3908 1179 3944 senatus
1192 3904 1240 3944 laus
1250 3905 1271 3942 ln

207 3953 245 3990 228
263 3952 319 3990 Hist.
330 3953 347 3998 1,
357 3955 377 3991 4.
733 3956 824 3995 Othonis
834 3956 929 3994 oratione
939 3955 989 3994 hist.
1000 3955 1017 4001 I,
1027 3956 1059 3994 84.

206 4004 243 4041 228
261 4003 713 4059 Hist.1,50.vNcquoassentiorllitteroqul
758 4008 795 4046 231
814 4006 1270 4056 Anu.muso.x1V‚12.sssq.xv,tosqq.

195 4065 236 4092 uno
249 4054 320 4092 locum
337 4056 427 4093 mutavit
446 4067 488 4094 nou
501 4059 565 4096 sliam
583 4058 610 4096 ob
628 4069 714 4097 causam
731 4057 788 4104 XVI,
799 4060 831 4096 23.
840 4059 892 4096 hist.
902 4059 930 4104 11,
941 4058 965 4096 91
975 4061 1031 4097 extr.

655 1961 715 2014 icae
735 1977 832 2016 omnes
846 1976 929 2014 verae
943 1959 1052 2030 gloriae
1067 1960 1162 2029 cupidi
1172 1977 1272 2040 seque·

55 4084 135 4175 ..Ue
180 4055 275 4153 gualnne
284 4109 411 4154 repugnaret
417 4107 449 4153 ils,
460 4118 514 4154 quac
523 4110 574 4147 item
580 4111 713 4149 minusrocto
757 4110 795 4147 282
812 4109 870 4147 nnn.
880 4109 897 4153 l,
908 4111 927 4147 2.

179 4156 206 4195 de
216 4157 312 4197 tribubus
321 4157 438 4206 disputavit
447 4159 473 4197 ad
483 4159 532 4198 lust.
542 4160 580 4207 lll,
591 4162 623 4199 58.
757 4161 794 4199 233
812 4160 864 4208 Agr.
875 4169 894 4198 c.
904 4162 923 4200 3.
