2760 4874
401 716 720 787 IMPERATORIS
748 716 950 784 CLAUDII

212 925 364 969 ORATIONIS
382 927 422 966 Dii
439 926 506 967 IURE
523 924 666 967 HONOBUM
680 923 781 965 GALLIS
800 922 996 967 CONCEDENDO
1015 923 1154 979 HABITA&
1238 934 1267 991 fl

272 1029 350 1066 cums
368 1027 557 1065 ARGUMENTUM
574 1028 708 1064 RETTULIT
727 1026 841 1062 melros
859 1026 923 1064 ARN.
941 1029 994 1063 Lns.
1013 1029 1051 1079 xl,
1070 1023 1102 1070 Ἃ,
1309 992 1326 1025 ⁵
1358 1040 1374 1073 ς

560 1142 801 1202 FRAGMENTA
1102 1116 1124 1153 ⁴''
1191 1144 1212 1177 ι·

371 1247 517 1290 LUGUDUNI
534 1250 564 1290 IN
581 1248 697 1290 TABULA
714 1249 815 1291 AENEA
834 1249 975 1290 SERVATA.
1182 1256 1185 1261 '

670 1394 692 1447 Ι.

169 1496 334 1536 maer-erum
342 1483 444 1548 nostr.¹
445 1518 520 1533 .....
527 1478 561 1532 sii
571 1518 1193 1536 .....................................

135 1557 277 1630 Equidem
301 1556 419 1626 primam
445 1555 567 1610 omnium
592 1556 670 1610 illam
698 1559 901 1628 cogitationem
926 1558 1088 1627 hominum,
1111 1573 1195 1626 quam

169 1634 289 1689 maxims
323 1632 441 1702 primam
476 1649 655 1687 occursuram
689 1635 757 1688 mihi
790 1635 940 1706 provideo,
977 1637 1123 1706 deprecor,
1158 1648 1194 1686 ue

170 1709 254 1782 quasi
287 1726 390 1764 novam
424 1709 507 1762 istam
542 1726 601 1763 rom
636 1710 777 1766 introduci
811 1712 1033 1780 exhorrescatis,
1070 1711 1120 1765 sed
1145 1709 1196 1762 illa

169 1788 264 1858 potius
288 1786 432 1857 cogitetis,
456 1803 541 1856 quam
562 1788 650 1841 multa
671 1788 700 1841 in
722 1790 777 1843 hac
799 1789 914 1844 civitate
936 1795 1043 1844 novata
1070 1789 1139 1856 sint,
1168 1792 1196 1840 et
1217 1796 1230 1834 o

171 1865 284 1935 quidem
319 1862 414 1918 statim
440 1863 477 1916 ab
509 1863 618 1932 origine
644 1865 723 1918 urbis
753 1872 883 1935 nostrae,
919 1866 948 1919 in
980 1866 1058 1936 quod
1089 1863 1196 1918 formas

171 1946 318 2011 statusque
336 1958 381 1994 res
399 1958 426 2009 p.
444 1945 542 1993 nostra
561 1939 677 1994 diducta
695 1941 739 1995 sit.

136 2016 286 2082 Quondam
298 2034 382 2088 reges
396 2017 470 2069 hanc
483 2021 599 2070 tenuere
613 2017 721 2086 urbem,
736 2034 791 2071 nec
804 2021 899 2072 tamen
909 2017 1071 2071 domesticis
1084 2033 1195 2070 succes·

172 2093 283 2148 soribus
298 2111 360 2149 eam
372 2094 483 2146 tradere
495 2092 620 2163 contigit.
640 2111 829 2163 supervenere
840 2093 926 2148 alieni
939 2101 968 2148 et
977 2093 1092 2164 quidam
1106 2099 1195 2146 exter-

170 2169 213 2239 ni,
228 2176 260 2224 ut
273 2169 365 2226 Numa
374 2169 496 2223 Romulo
512 2169 682 2223 successerit
696 2187 731 2224 ex
745 2169 858 2224 Sabinis
872 2169 1001 2237 veniens,
1012 2170 1122 2222 vicinus
1137 2169 1195 2239 qui·
1206 2180 1231 2218 ro

171 2248 248 2316 dem,
268 2248 319 2301 sed
332 2253 399 2300 tunc
413 2253 559 2314 externus,
579 2252 610 2300 ut
622 2244 703 2300 Anco
719 2246 826 2300 Marcio
840 2246 956 2300 Priscus
972 2245 1152 2316 Tarquinius.
1175 2249 1197 2298 is

170 2329 287 2392 propter
317 2328 483 2377 temeratum
515 2323 694 2392 sanguinem,
731 2323 809 2392 quod
843 2329 925 2391 patre
959 2322 1113 2376 Demarato
1146 2319 1197 2374 Co-

170 2400 275 2453 rinthio
298 2406 383 2453 natus
406 2405 467 2453 erat
489 2404 517 2453 et
539 2399 743 2469 Tarquiniensi
765 2404 854 2453 matre
876 2415 1017 2469 generosa
1035 2399 1086 2452 sed
1108 2398 1196 2467 inopi,

170 2483 203 2531 ut
217 2493 289 2546 quae
307 2477 359 2530 tali
376 2476 476 2529 marito
496 2492 613 2530 neccsse
628 2475 760 2529 habuerit
773 2476 966 2544 succumbere,
984 2491 1046 2528 cum
1065 2475 1141 2528 domi
1154 2491 1196 2528 re-

171 2554 326 2622 pelleretur
347 2569 365 2605 a
388 2552 520 2620 gerendis
542 2551 713 2620 honoribus,
740 2557 892 2621 postquam
914 2551 1033 2605 Romam
1055 2551 1195 2621 migravit,
1206 2564 1231 2600 15

171 2645 290 2698 regnum
307 2628 427 2697 adeptus
446 2633 497 2681 est.
524 2628 590 2681 huic
608 2645 721 2698 quoque
737 2636 765 2683 et
779 2627 838 2683 filio
853 2628 986 2698 nepotive
1001 2628 1070 2697 eius,
1088 2646 1154 2681 nam
1169 2636 1198 2683 et

171 2706 228 2758 hoc
241 2704 314 2757 inter
328 2708 458 2757 auctores
472 2704 625 2775 discrepat,
642 2705 765 2760 insertus
777 2705 890 2761 Servius
901 2705 1023 2775 Tullius,
1043 2706 1067 2760 si
1081 2711 1196 2759 nostros

174 2780 325 2851 sequimur,
345 2779 458 2848 captiva
470 2787 554 2834 natus
570 2780 700 2851 Ocresia,
720 2782 744 2835 si
758 2783 881 2853 Tuscos,
901 2781 980 2838 Caeli
994 2782 1139 2854 quondam
1148 2782 1196 2839 Vi-

172 2873 282 2911 vennae
307 2857 413 2911 sodalis
435 2855 617 2912 fidelissimus
637 2859 784 2930 omnisque
803 2859 863 2914 eius
882 2877 965 2914 casus
988 2878 1095 2929 comes,
1118 2866 1196 2929 post·

174 2952 258 3005 quam
285 2933 363 2987 varia
389 2933 503 2988 fortuna
530 2941 646 2990 exactus
673 2954 736 2990 cum
764 2937 894 2992 omnibus
921 2938 1047 3008 reliquiis
1071 2936 1197 2991 Caeliani
1207 2948 1232 2986 ro

173 3010 310 3065 exercitus
319 3010 431 3066 Etruria
440 3013 566 3081 excessit,
576 3018 697 3066 montem
704 3011 828 3067 Caelium
837 3014 983 3082 occupavit
995 3019 1025 3067 et
1038 3031 1055 3066 a
1065 3014 1137 3066 duoc
1148 3030 1197 3065 suo

174 3086 269 3141 Caelio
284 3086 324 3139 ita
338 3088 530 3156 appellitatum
538 3095 703 3158 mutatoque
713 3088 836 3155 nomine,
855 3106 921 3142 narn
939 3089 1034 3142 Tusce
1052 3088 1198 3142 Mastarna

173 3163 200 3217 ei
209 3178 311 3215 nomen
321 3169 389 3230 erat,
400 3163 440 3217 ita
450 3163 610 3233 appellatus
620 3169 673 3231 est,
686 3170 719 3217 ut
728 3164 793 3230 dixi,
804 3171 832 3217 et
840 3181 959 3234 regnum
969 3182 1075 3218 summa
1086 3181 1148 3217 cum
1157 3166 1198 3218 rei

173 3258 200 3310 p.
209 3237 331 3292 utilitate
342 3239 471 3308 optinuit.
491 3238 593 3303 deinde
606 3245 758 3310 postquam
770 3240 909 3309 Tarquini
919 3239 1042 3310 Superbi
1053 3258 1146 3296 mores
1157 3241 1196 3293 in-

173 3315 226 3368 visi
242 3314 349 3369 civitati
362 3321 477 3370 nostrae
493 3333 555 3370 esse
571 3322 733 3386 coeperunt,
752 3334 810 3386 qua
822 3316 977 3387 ipsiusque
990 3315 1113 3371 filiorum
1127 3317 1196 3385 eius,
1207 3331 1231 3370 25

173 3408 273 3460 nempe
285 3397 448 3461 pertaesum
458 3397 502 3447 est
510 3399 619 3448 mentes
632 3393 723 3463 regni,
738 3394 813 3448 etad
823 3394 964 3464 consules,
975 3411 1084 3448 annuos
1094 3394 1196 3464 magis-

173 3474 276 3538 tratus,
296 3468 502 3523 administratio
520 3469 563 3524 rei
579 3489 606 3539 p.
621 3471 761 3524 translata
780 3475 831 3524 est.

141 3545 216 3610 Quid
242 3563 317 3599 nune
344 3562 558 3602 commemorem
585 3547 743 3603 dictaturae
770 3548 825 3601 hoc
852 3548 915 3617 ipso
943 3548 1086 3602 consulari
1112 3548 1198 3616 impc-

174 3621 245 3675 rium
270 3621 411 3677 valentius
437 3629 580 3693 repertum
607 3625 682 3693 apud
711 3624 831 3679 maiores
857 3630 985 3694 nostros,
1014 3641 1070 3694 quo
1097 3624 1127 3676 in
1153 3641 1196 3676 as-

173 3697 332 3768 perioribus
368 3698 451 3754 bellis
487 3706 538 3754 aut
566 3700 596 3753 in
627 3701 702 3754 civili
734 3707 812 3755 motu
845 3701 999 3755 difficiliore
1029 3700 1230 3755 uterentur?eo

175 3774 269 3828 autin
287 3776 421 3829 auxilium
437 3777 531 3846 plebis
552 3783 663 3831 creatos
680 3779 811 3832 tribunos
828 3777 946 3848 plebei?
974 3778 1043 3847 quid
1061 3794 1079 3831 a
1097 3793 1197 3830 consu-

174 3851 249 3904 libus
272 3852 309 3905 ad
335 3853 509 3908 decemviros
536 3856 704 3909 translatum
729 3855 889 3924 imperium,
918 3855 1069 3925 solutoque
1095 3860 1198 3923 postea

177 3926 356 3982 decemvirali
381 3947 469 4000 regno
493 3932 531 3985 ad
554 3932 685 3985 consules
707 3949 790 3984 rusus
813 3931 957 3985 reditum?
993 3932 1060 4001 quid
1087 3932 1117 3984 in
1133 3935 1196 4001 plu-

176 4002 215 4055 ris
255 4003 434 4059 distributum
478 4009 626 4062 consulare
665 4008 812 4077 imperium
851 4008 1038 4080 tribunosque
1077 4009 1195 4062 miiitum

178 4079 320 4134 consulari
337 4082 453 4151 imperio
468 4086 640 4156 appellatos,
661 4084 710 4154 qui
728 4084 788 4138 soni
807 4090 837 4139 et
851 4101 936 4155 saepe
951 4085 1047 4139 octoni
1066 4102 1192 4140 ercarcn-
1203 4100 1227 4137 ss

148 4248 171 4275 ur
