2760 4874
261 393 325 458 290
604 401 786 460 CORNELII
805 400 939 457 TAClTl

1102 526 1118 539 ,
1179 492 1231 532 au.
1242 495 1288 534 ara.

260 562 338 629 suas
356 561 495 647 legiones
518 560 616 635 adire,
644 559 774 637 hortari,
801 560 939 644 priorum
961 560 1144 638 admonere,
1172 583 1288 625 novam

259 658 391 744 gloriam
408 654 587 720 ostendere:
606 676 668 717 non
686 652 773 718 vicos
792 663 846 717 aut
864 653 979 739 oppidu
988 653 1213 718 Armeniorum
1232 655 1289 719 sed

259 762 361 816 castra
369 750 513 814 Romana
526 749 667 830 duasque
681 747 714 810 in
728 748 765 812 iis
780 748 919 834 legiones
932 749 1067 833 pretium
1080 747 1198 813 laboris
1213 749 1287 833 peti.

259 847 286 909 si
313 844 445 930 singulis
468 841 715 926 manipularibus
742 842 911 926 praecipua
933 842 1048 906 servati
1070 843 1148 907 civis
1171 864 1289 907 corona
1347 903 1349 907 .

258 937 455 1024 imperatoria
472 958 568 1000 manu
586 934 786 1012 tribueretur,
813 936 898 1018 quod
916 935 993 999 illud
1011 945 1043 999 et
1059 944 1214 1018 quantum
1232 937 1287 1000 de·

258 1055 325 1108 cus,
352 1031 406 1096 ubi
424 1052 481 1115 par
498 1052 605 1093 eorum
623 1050 771 1094 numerus
790 1031 994 1114 apisceretur,
1021 1031 1076 1113 qui
1098 1031 1289 1095 adtulissent-

259 1127 390 1192 sulutem
408 1124 510 1208 etqui
529 1122 736 1208 accepissentl
755 1123 804 1187 his
822 1133 916 1207 nuque
934 1123 1049 1188 talibus
1065 1123 1101 1186 in
1119 1145 1287 1188 commuue

258 1220 377 1283 alacres
396 1224 443 1265 -“
456 1228 486 1281 ot
505 1225 592 1280 eraut
609 1238 688 1297 quos
706 1216 846 1301 pericula
868 1216 999 1280 fratrum
1017 1228 1071 1280 ant
1092 1218 1287 1302 propinquo-

257 1336 327 1376 rum
345 1311 479 1396 propriis
498 1302 631 1374 stimulis
649 1309 850 1374 incenderent
860 1348 900 1357 -
910 1310 1094 1380 continuum
1108 1311 1163 1374 diu
1176 1321 1288 1376 noctu-

209 1424 239 1469 13
258 1429 319 1489 que
337 1407 396 1470 iter
413 1403 631 1490 properabant.
659 1423 759 1487 eoque
770 1403 924 1468 intentius
943 1403 1120 1491 Vologeses
1142 1427 1287 1491 premere

258 1500 414 1576 obsessos,
434 1499 527 1563 modo
543 1498 658 1562 vallum
671 1496 840 1584 legionum,
859 1499 953 1563 modo
967 1498 1140 1575 castellum,
1159 1521 1225 1583 quo
1240 1501 1287 1563 in-

258 1592 347 1657 bellis
374 1603 461 1657 actas
488 1591 727 1668 defendebatur,
755 1592 951 1678 adpugnare,
977 1593 1108 1678 propius
1134 1593 1285 1658 incedens

258 1709 352 1768 quam
375 1709 443 1750 mos
461 1685 602 1761 Parthis,
630 1685 658 1748 si
680 1707 718 1749 ea
736 1685 907 1750 temeritate
929 1685 1052 1750 hostem
1075 1687 1108 1750 in
1129 1687 1286 1772 proelium

258 1781 391 1843 eliceret.
420 1789 450 1843 at
473 1779 518 1842 illi
535 1779 589 1844 vix
607 1778 822 1844 coutubemiis
842 1781 975 1857 extrahi,
1002 1802 1062 1845 uec
1084 1781 1287 1865 aliudquam

258 1875 451 1938 munimenta
467 1872 718 1959 propugnabant,
736 1893 810 1959 pars
828 1873 918 1956 iussu
930 1875 1028 1952 ducis,
1042 1875 1146 1939 etalii
1158 1876 1287 1961 propria

258 1968 393 2054 ignavia,
413 1979 467 2033 aut
486 1966 699 2032 Corbulonem
718 1968 927 2052 opperientes,
943 1991 984 2033 ac
1001 1969 1050 2033 vis
1068 1973 1097 2033 ai
1113 1969 1284 2056 ingrueret,

246 2063 391 2149 provisis
410 2062 561 2147 exemplis
581 2059 743 2127 Caudinae
760 2061 1025 2148 Numantinaeque
1043 2065 1156 2140 cadim
1181 2086 1285 2147 nequo

258 2157 389 2221 eandem
407 2157 470 2221 vim
490 2155 699 2232 Samnitibus,
718 2156 829 2220 Ita-lico
846 2157 976 2242 populo,
994 2166 1049 2222 aut
1066 2157 1201 2236 Poenis,
1220 2159 1285 2224 Ro·

258 2252 342 2314 mani
360 2251 481 2336 imperii
499 2249 639 2329 aemulis.
667 2250 803 2314 validam
822 2262 947 2335 quoque
969 2257 1000 2315 et
1021 2251 1185 2328 laudatam
1206 2254 1286 2317 anti-

257 2346 416 2428 quitatem,
436 2345 580 2429 quotieus
594 2345 720 2409 fortuna
732 2354 840 2409 contra
852 2346 949 2423 duret,
969 2345 1063 2410 saluti
1075 2347 1283 2412 consuluisse.

257 2463 320 2522 qua
341 2439 557 2524 desperatione
584 2439 738 2504 exercitus
765 2440 831 2503 dux
857 2439 1005 2504 subactus
1031 2439 1150 2525 primas
1177 2450 1283 2506 tamen

257 2534 374 2598 litteras
398 2535 439 2597 ad
456 2533 636 2620 Vologesen
658 2557 722 2597 non
740 2534 897 2618 supplices
921 2535 977 2598 sed
998 2535 1032 2598 in
1053 2529 1185 2599 modum
1208 2559 1283 2620 que-

258 2630 353 2693 rentis
372 2630 557 2713 composuit,
575 2629 661 2712 quod
678 2652 734 2713 pro
742 2628 902 2693 Armeniis
922 2649 1045 2713 semper
1053 2629 1220 2696 Romanae
1238 2632 1283 2695 di-

258 2722 354 2786 cionis
373 2732 427 2785 aut
445 2722 593 2786 subiectis
606 2723 681 2808 regi,
701 2744 794 2805 quem
807 2723 975 2807 imperator
987 2723 1167 2810 delegisset,
1186 2726 1283 2790 hosti-

257 2814 299 2875 lia
316 2813 446 2891 faceret3
464 2837 574 2898 pacem
593 2837 632 2878 ex
650 2838 750 2897 aequo
769 2813 890 2903 utilem3
908 2839 947 2880 ne
965 2814 1145 2900 praesentia
1162 2828 1281 2883 tantum

258 2916 425 2990 spectaret:
453 2908 726 2990 ipsumadversus
745 2911 823 2974 duas
841 2909 981 2995 legiones
1004 2912 1077 2976 totis
1100 2915 1193 2999 regni
1211 2914 1283 2977 viri-

257 3000 316 3064 bus
335 3001 514 3064 advenisse:
534 3012 565 3064 at
575 3001 725 3067 Romanis
744 3004 851 3069 orbem
871 3016 1022 3070 terrarum
1035 3007 1202 3090 reliquum,
1221 3031 1282 3093 quo

174 3117 176 3122 ⁴
257 3094 373 3159 bellum
391 3096 542 3159 iuvarent.
568 3100 570 3103 ’

211 3216 240 3259 14
322 3190 376 3253 Ad
395 3213 432 3254 ea
442 3189 616 3276 Vologeses
634 3191 710 3254 nihil
729 3211 909 3277 pronaum,
930 3195 986 3258 sed
1000 3196 1210 3287 opperiendos
1224 3197 1282 3262 sibi

257 3286 368 3351 fratres
382 3282 538 3349 Pacorum
557 3308 593 3349 ac
607 3285 768 3378 Tiridaten
784 3288 957 3372 rescripsit:
976 3289 1064 3351 illum
1081 3289 1188 3354 locum
1207 3301 1282 3355 tem-

256 3402 378 3465 pusque
391 3380 521 3443 consilio
531 3378 719 3444 destinatum
729 3382 804 3464 quid
819 3383 857 3445 de
867 3381 1019 3447 Armenia
1032 3392 1211 3463 cernerent:
1230 3387 1282 3449 ad-

257 3476 368 3540 iecisse
386 3474 462 3537 deos
480 3474 610 3559 dignum
628 3473 866 3540 Arsacidarum:
886 3476 979 3540 simul
997 3479 1085 3542 etde
1104 3479 1282 3566 legionibus

257 3561 408 3633 Romanis
428 3577 606 3632 statuerent.
630 3569 719 3633 missi
735 3570 866 3654 posthac
880 3595 900 3634 a
915 3570 1015 3636 Paeto
1029 3573 1130 3636 nuntii
1150 3583 1181 3637 et
1198 3575 1281 3660 regis

258 3662 446 3744 colloquium
467 3662 612 3745 petitum,
641 3663 695 3745 qui
711 3662 870 3740 Vasacen,
897 3665 1093 3749 praefectum
1114 3669 1283 3751 equitatus,

258 3759 302 3821 ire
320 3757 421 3820 iussit.
435 3765 511 3840 tum
528 3754 646 3820 Paetus
660 3757 825 3834 Lucullos,
844 3756 1014 3843 Pompeios
1033 3769 1064 3823 et
1082 3761 1111 3825 si
1128 3761 1284 3844 quaCae·

258 3875 343 3916 sares
362 3850 548 3915 obtinendae
566 3851 768 3915 donandaeve
785 3849 956 3916 Armeniae
974 3863 1118 3939 egerant,
1142 3854 1283 3920 Vasaces

257 3946 426 4031 imaginem
443 3945 595 4008 retinendi
612 3944 802 4030 largiendive
820 3967 916 4029 penes
931 3969 1000 4023 uos,
1019 3948 1084 4011 vim
1098 3970 1199 4033 penes
1207 3949 1285 4013 Par·

258 4038 327 4102 thos
346 4048 506 4102 memorat.
526 4047 557 4102 et
575 4039 713 4102 multum.
724 4039 757 4103 in
775 4040 876 4103 vicem
894 4040 1068 4126 disceptato
1080 4041 1283 4109 Monobazus

256 4128 441 4194 Adiabenus
463 4131 497 4194 iu
518 4133 600 4195 diem
618 4143 778 4216 posterum
800 4134 888 4198 testis
911 4134 960 4199 his
983 4138 1284 4224 quae-pepigissent
1347 4202 1350 4207 .
