2760 4874
390 353 751 412 duramentum-111.
771 354 889 408 30-33.
1114 342 1155 406 95

132 458 153 496 p.
164 445 204 485 eu.
215 447 256 484 21„

132 526 202 590 tura
218 513 355 589 functus,
374 512 413 576 de
431 513 471 575 L.
489 510 586 587 Sulla,
605 510 702 574 nobili
718 510 839 588 iuvene,
858 512 989 603 questps
1007 521 1057 576 est*
1072 514 1156 598 apud

132 616 290 683 senatum,
313 606 398 689 quod
416 605 476 669 sibi
493 606 572 668 inter
590 605 766 688 speetaetda
783 582 989 690 gladiatodrm
1006 606 1075 672 loeo
1092 629 1156 670 non

132 699 333 778 decessisset3
351 722 408 785 pro
427 698 604 763 Corbulone
623 707 721 774 aetas,
744 699 862 782 patrius
880 721 963 776 mos,
987 700 1090 764 studia
1107 722 1156 764 se·
1252 706 1262 723 '

132 794 255 859 niorum
273 804 374 858 eraut:
398 803 504 857 eontra
521 792 700 855 Mamercus
721 790 858 857 Scaurus
877 801 908 856 et
925 792 967 856 L.
986 791 1155 857 Arruntius

133 888 246 971 aliique
262 886 369 952 Sullae
382 887 548 971 propinqui
564 885 755 964 nitebantur3
773 887 993 970 certabantque
1011 889 1157 952 orationi-

132 982 194 1069 bus
216 991 247 1045 et
269 980 521 1046 memorabantur
546 979 689 1063 exempla
714 980 880 1057 maiorum,
907 981 961 1065 qui
986 981 1156 1046 iuventutis

132 1075 370 1139 inreverentiam
387 1073 536 1160 gravibus
551 1073 681 1137 decretis
695 1073 897 1151 notavissent,
916 1074 1016 1156 donee
1029 1075 1156 1140 Drusus
1208 1077 1211 1084 ’

133 1177 207 1252 apta
228 1168 437 1252 temperandis
461 1167 571 1231 animis
590 1167 750 1244 disseruit3
773 1177 804 1230 et
822 1167 1017 1232 satisfactum
1035 1168 1157 1233 Corbu-

132 1262 198 1326 loni
214 1284 270 1346 per
287 1261 498 1338 Mamercum,
518 1261 571 1344 qui
588 1270 718 1346 patruus
738 1261 830 1324 simul
848 1284 885 1326 ae
902 1263 1029 1327 vitricus
1048 1262 1157 1328 Sullae

133 1367 164 1420 et
181 1366 338 1420 oratorum
356 1378 393 1419 ca
411 1364 512 1422 aetate
534 1354 708 1420 uberrimus
728 1364 802 1419 erat.
829 1355 913 1420 idem
932 1356 1070 1421 Corbulo
1088 1358 1157 1443 plu-

130 1450 211 1516 rima
227 1470 284 1533 per
300 1448 424 1512 Italiam
446 1448 556 1512 itinera
574 1447 683 1511 fraude
707 1449 885 1532 mancipum
907 1460 939 1513 et
955 1449 1075 1514 incuria
1091 1473 1158 1514 ma-

132 1532 319 1628 gistratuum
332 1543 503 1626 interrupta
521 1550 551 1604 et
568 1541 707 1626 inpervia
721 1542 907 1614 clamitando
926 1544 1157 1608 exsecutionem

96 1708 99 1713 ‚
133 1636 201 1701 eius
223 1636 340 1721 negotii
362 1635 461 1700 libens
486 1636 636 1720 suscepit;
664 1636 749 1718 quod
774 1635 859 1700 haud
883 1637 1012 1721 perinde
1033 1637 1157 1722 publice

133 1730 206 1796 usui
222 1728 363 1793 habitum
377 1751 471 1813 quam
487 1729 651 1792 exitiosum
669 1729 784 1806 multis,
803 1751 935 1811 quorum
948 1731 980 1794 in
993 1731 1157 1816 pecuniam

39 1873 41 1879 ‚
100 1834 227 1911 *atque
244 1824 362 1888 famam
380 1823 630 1888 damnationibus
649 1832 680 1887 et
697 1823 788 1888 hasta
806 1823 973 1888 saeviebat.

196 1918 309 2002 Neque
323 1917 422 1982 multo
443 1926 516 2001 post
533 1917 637 1980 missis
656 1917 697 1980 ad
719 1926 861 1981 senatum
883 1917 993 1981 litteris
1012 1917 1157 1983 Tiberius
1177 1936 1207 1982 32

10 1980 85 2173 ἢ
133 2022 251 2076 motam
268 2035 392 2075 rursum
409 2008 552 2074 Africam
570 2011 696 2074 incursu
714 2009 922 2075 Tacfarinatis
941 2011 1060 2088 docuit,
1079 2012 1158 2075 iudi-

18 2124 30 2141 ··
68 2100 104 2163 ⁴··-',·
134 2106 245 2189 eioque
266 2114 390 2189 patrum
412 2105 611 2189 deligendum
632 2126 688 2188 pro
711 2105 839 2169 consule
864 2127 997 2194 gnarum
1019 2105 1156 2180 militiae,

134 2221 262 2283 corpore
280 2199 418 2262 validum
441 2207 472 2261 et
490 2196 571 2262 bello
595 2198 807 2262 suffecturum.
835 2198 920 2280 quod
941 2197 1063 2261 initium
1082 2195 1156 2265 Sex.

133 2293 305 2377 Pompeius
324 2291 462 2377 agitandi
485 2291 635 2355 adversus
652 2291 799 2354 Marcum
815 2291 975 2375 Lepidum
993 2291 1061 2354 odii
1081 2314 1163 2354 nan--

135 2396 218 2464 etus,
240 2396 275 2449 ut
297 2385 472 2462 socordem,
495 2386 621 2470 inopem
644 2396 674 2448 et
691 2383 860 2449 maioribus
883 2385 948 2449 suis
972 2385 1158 2448 dedecorum

135 2502 234 2563 eoque
256 2479 349 2544 etiam
367 2478 465 2544 Asiae
488 2490 570 2544 sorte
593 2479 811 2564 depellendum
832 2479 1000 2555 incusavit,
1027 2479 1158 2543 adverso

136 2584 256 2652 senatu,
275 2575 330 2657 qui
346 2574 506 2658 Lepidum
523 2574 629 2638 mitem
647 2575 749 2659 magis
767 2596 862 2656 quam
879 2573 1039 2659 ignavum,
1057 2583 1160 2657 pator-

135 2691 192 2733 nas
211 2668 240 2732 ei
257 2668 418 2753 angustias
437 2681 468 2732 et
488 2668 682 2733 nobilitatem
705 2669 771 2731 sine
789 2667 903 2752 probro
927 2677 1028 2733 actam
1049 2667 1160 2732 honori
1274 2729 1280 2750 ,

136 2784 231 2845 quam
259 2761 450 2847 ignominiae
479 2755 656 2826 habendam
682 2761 830 2826 ducebat:
861 2761 957 2847 igitur
985 2760 1101 2826 missus
1128 2762 1160 2824 in

135 2855 248 2920 Asiam
254 2879 262 2933 ;
281 2865 312 2918 et
330 2854 369 2917 de
381 2852 492 2918 Africa
510 2855 668 2919 decretum
686 2865 720 2919 ut
735 2848 854 2920 Caesar
870 2856 988 2942 legeret
1005 2856 1056 2920 cui
1073 2878 1161 2920 man-

136 2950 240 3014 danda
256 2949 347 3013 foret.

165 3097 167 3101 .
200 3043 287 3107 Inter
299 3064 379 3127 quae
395 3040 531 3107 Severus
547 3040 685 3107 Caecina
699 3042 820 3107 censuit
832 3065 979 3127 nequem
997 3042 1162 3128 magistra-
1180 3062 1211 3107 33

137 3148 218 3213 tum,
237 3136 287 3200 eui
304 3136 464 3221 provincia
481 3136 674 3214 obvenisset,
697 3159 779 3200 uxor.
795 3137 1005 3213 comitaretur,
1029 3136 1162 3199 multum

137 3240 209 3294 ante
217 3231 348 3314 repetito
357 3230 542 3306 concordem
553 3229 613 3294 sibi
626 3230 792 3316 coniugem
801 3239 832 3293 et
842 3251 898 3294 sex
906 3239 1013 3315 partus
1028 3229 1160 3315 enixam,

138 3345 234 3406 seque
251 3345 332 3405 quae
349 3323 382 3387 in
403 3322 564 3408 publicum
588 3332 737 3387 statueret
758 3323 843 3387 domi
866 3323 1054 3398 servavisse,
1078 3321 1163 3384 cohi-

137 3417 203 3481 bita
224 3417 306 3480 intra
326 3416 464 3497 Italiam,
488 3438 678 3500 quamquam
699 3418 767 3501 ipse
788 3415 887 3501 pluris
909 3437 965 3500 per
986 3413 1161 3499 provincias

104 3562 108 3567 .
137 3508 345 3594 quadraginta
363 3509 516 3594 stipendia
534 3509 737 3594 explevisset3
760 3509 845 3573 haud
863 3508 946 3572 enim
964 3508 1080 3571 frustra
1096 3506 1163 3590 pla-

138 3605 235 3668 eitum
252 3604 326 3667 olim
343 3626 383 3667 ne
400 3603 535 3668 feminae
551 3603 585 3666 in
607 3603 708 3668 socios
732 3612 786 3666 aut
808 3611 917 3688 gentes
941 3610 1083 3664 externas
1102 3611 1163 3663 tra-

138 3699 298 3762 herentur:
325 3697 428 3762 inesse
454 3697 620 3761 mulierum
645 3697 806 3761 comitatui
832 3717 913 3778 quae
939 3717 1049 3780 pacem
1075 3693 1161 3770 luxu,
1204 3774 1206 3778 p

138 3792 256 3857 bellum
277 3792 441 3856 formidine
463 3802 622 3856 morentur
639 3802 670 3856 et
687 3791 866 3856 Romanurn
888 3813 1001 3875 agmen
1020 3790 1060 3854 ad
1078 3789 1163 3853 simi-

139 3886 301 3953 litudinem
314 3885 438 3958 barbari
451 3886 593 3950 incessus
611 3895 801 3950 convertant.
824 3907 886 3948 non
899 3883 1078 3949 inbecillum
1096 3892 1164 3947 tan-

140 3993 208 4046 tum
229 3991 260 4045 et
281 3982 432 4066 imparem
457 3980 615 4048 laboribus
644 4004 767 4057 sexum,
796 3980 851 4044 sed
873 3980 900 4043 si
926 3979 1050 4043 lieentia
1071 3979 1161 4053 adsit,

142 4075 525 4177 saevumgambitiosum,
556 4077 717 4160 potestatis
744 4075 885 4147 avidum;
916 4074 1058 4138 incedere
1084 4074 1164 4137 inter
