2760 4874
393 400 601 458 ANNALIUM
618 399 692 454 LIB.
706 400 728 455 1.
746 399 865 453 14-17.
1097 384 1137 448 13

112 506 135 544 p.
147 493 190 534 cn.
200 495 234 533 14.

110 561 239 646 proprio
253 568 381 645 sumptu
395 558 522 623 ederent
535 557 625 622 ludos
639 557 693 640 qui
707 557 746 621 de
759 556 885 621 nomine
893 554 1033 642 Augusti
1046 554 1136 620 fastis

112 653 212 720 additi
224 651 420 739 Augustales
433 661 630 715 vocarentur:
650 651 706 714 sed
719 652 845 715 decreta
855 651 988 735 pecunia
1000 671 1040 713 ex
1052 671 1139 714 aera-

112 750 169 827 rio,
183 757 281 831 utque
294 769 352 832 per
363 746 480 810 circum
494 744 673 829 triumphali
681 755 768 810 veste
777 754 950 821 uterentur3
967 766 1059 808 curru
1067 743 1140 807 vehi

112 843 199 908 haud
215 841 413 927 permissum.
436 862 512 904 mox
529 839 696 904 celebratio
713 837 808 925 post*
827 862 943 902 annum
961 838 1001 902 ad
1018 847 1140 923 praeto-

112 958 180 1000 rem
193 934 348 1014 ,translata
365 933 416 997 cui
433 933 513 998 inter
530 932 614 997 cives
634 941 665 996 et
681 932 861 1018 peregrinos
879 931 1050 996 iurisdictio
1068 952 1141 995 eve·

114 1029 222 1094 nisset.
847 1058 859 1091 j

178 1123 245 1187 Hic
261 1144 365 1187 rerum
378 1119 569 1185 urbanarum
587 1129 687 1186 status
705 1130 780 1198 erat,
799 1143 872 1185 cum
885 1119 1083 1185 Pannonicas
1097 1118 1141 1183 le·
1161 1140 1192 1203 16

114 1217 225 1303 giones
244 1215 355 1280 seditio
373 1214 514 1291 incessit,
537 1214 631 1278 nullis
648 1215 739 1280 novis
757 1214 875 1292 causis,
893 1213 955 1278 nisi
972 1213 1057 1296 quod
1073 1235 1143 1277 rnu-

108 1322 199 1377 tatus
216 1310 362 1395 princeps
384 1308 543 1373 licentiam
564 1307 724 1373 turbarum
746 1317 778 1373 et
795 1330 835 1373 ex
852 1307 936 1372 civili
952 1305 1035 1371 bello
1053 1329 1142 1391 spem

114 1404 325 1490 praemiorum
338 1399 531 1467 ostendebat
555 1402 664 1466 castris
678 1402 804 1468 aestivis
819 1411 881 1466 tres
896 1400 989 1466 simul
1001 1400 1142 1487 legiones

114 1495 320 1572 habebantur,
339 1495 535 1581 praesidente
552 1495 643 1559 Iunio
660 1495 786 1572 Blaeso,
805 1495 858 1579 qui
874 1495 937 1559 fine
953 1492 1094 1581 Augusti
1111 1502 1143 1559 et

115 1590 212 1654 initiis
226 1588 345 1653 Tiberii
357 1589 471 1653 auditis
486 1586 526 1652 ob
541 1588 694 1653 iustitium
706 1598 761 1653 aut
772 1589 923 1675 gaudium
935 1587 1144 1652 intermiserat

117 1683 209 1748 solita
225 1682 344 1746 munia:
362 1703 400 1746 eo
417 1682 570 1766 principio
587 1682 730 1747 lascivire
747 1683 847 1760 miles,
866 1682 1052 1758 discordare,
1070 1700 1144 1766 pes-

117 1777 189 1843 simi
206 1777 358 1859 cuiusque
376 1775 573 1841 sermonibus
590 1777 739 1862 praebere
757 1799 862 1855 aures,
881 1777 1016 1860 denique
1032 1776 1143 1839 luxum

117 1881 148 1937 et
165 1870 265 1936 otium
281 1892 404 1956 cupere,
422 1870 619 1954 disciplinam
637 1881 668 1935 et
685 1870 823 1936 laborem
837 1871 1005 1957 aspernari.
1028 1878 1094 1934 erat
1110 1869 1144 1932 in

12 2040 16 2046 ,
117 1965 227 2030 castris
249 1963 441 2029 Percennius
464 1965 606 2048 quidam,
631 1964 697 2029 dux
718 1966 793 2030 olim
812 1965 1011 2030 theatralium
1034 1985 1144 2048 opera·

116 2081 202 2136 rum,
220 2057 294 2122 dein
315 2058 478 2144 gregarius
496 2058 600 2136 miles,
618 2080 736 2144 procax
752 2059 860 2146 lingua
877 2069 908 2123 et
924 2058 1056 2123 miscere
1074 2078 1145 2122 coe-

118 2163 169 2216 tus
187 2150 360 2216 histrionali
379 2152 482 2216 studio
500 2152 625 2230 doctus3
643 2153 670 2218 is
688 2153 848 2238 imperitos
862 2153 982 2217 animos
1001 2160 1032 2215 et
1048 2172 1144 2233 quae-

117 2269 192 2311 nam
204 2255 278 2330 post
289 2243 473 2330 Augustum
484 2244 613 2312 militiae
628 2247 763 2311 conditio
777 2246 971 2331 ambigentes
985 2243 1144 2328 impellere

117 2339 269 2426 paulatim
290 2339 448 2404 nocturnis
472 2340 659 2423 conloquiis,
682 2350 737 2405 aut
754 2340 836 2405 flexo
853 2340 887 2403 in
908 2360 1072 2423 vesperam
1094 2335 1144 2400 die

119 2444 150 2498 et
171 2431 301 2516 dilapsis
328 2431 508 2497 melioribus
534 2434 735 2497 deterrimum
757 2454 913 2516 quemque
939 2451 1144 2517 congregare3

118 2536 278 2612 postremo
290 2525 441 2611 promptis
450 2526 514 2590 iam
528 2527 636 2596 etaliis
646 2527 807 2592 seditionis
816 2525 966 2590 ministris
976 2524 1062 2588 velut
1071 2544 1145 2587 con·
1205 2539 1209 2546 ’

119 2620 329 2687 tionabundus
351 2619 575 2707 interrogabat:
599 2643 655 2686 cur
671 2621 780 2707 paucis
799 2619 1045 2696 centurionibus,
1067 2639 1146 2702 pau·
1164 2637 1195 2685 rr

120 2714 257 2780 cici-ibus
275 2713 406 2779 tribunis
424 2715 457 2778 in
474 2715 603 2779 modum
621 2737 782 2780 servorum
800 2712 999 2780 oboedirent?
1019 2711 1146 2797 quando

62 2888 75 2905 ,
120 2830 256 2877 ausuros.
276 2829 445 2893 exposcere
466 2809 618 2886 remedia,
640 2809 701 2875 nisi
722 2832 840 2875 novum
861 2819 892 2874 et
912 2817 1075 2873 nutantem
1091 2806 1147 2871 ad·
1189 2804 1193 2812 ’
1297 2861 1300 2866 .

120 2903 183 2966 huc
207 2901 379 2987 principem
403 2901 549 2986 precibus
571 2903 623 2968 vel
645 2904 739 2968 armis
762 2902 900 2971 adirent?
926 2903 1002 2967 satis
1023 2922 1080 2986 per
1101 2908 1148 2964 tot

52 2983 61 3000 ⁰
121 3017 221 3061 annos
239 2994 369 3080 ignavia
377 3005 551 3081 peecatum,
570 2997 655 3080 quod
672 2998 789 3062 tricena
802 3008 856 3062 aut
873 2997 1075 3082 quadragena
1092 2994 1148 3060 sti-

121 3088 236 3174 pendia
262 3110 353 3154 senes
375 3099 409 3179 et
427 3089 568 3175 plerique
590 3100 731 3157 truncato
754 3114 795 3156 ex
816 3090 996 3156 vulneribus
1019 3111 1147 3174 corpore

100 3205 104 3212 ’
123 3181 263 3247 tolerent.
285 3204 325 3247 ne
343 3181 487 3275 dimissis⁸
494 3184 621 3266 quidem
638 3185 732 3249 finem
746 3207 816 3250 esse
833 3185 971 3261 militiae,
989 3184 1047 3248 sed
1063 3183 1148 3267 apud

122 3275 273 3340 vexillum
290 3276 451 3341 tendentes
469 3276 530 3341 alio
549 3276 701 3343 vocabulo
715 3278 843 3344 eosdem
860 3276 983 3343 labores
996 3276 1148 3361 perferre3

123 3391 161 3433 ac
179 3368 207 3433 si
224 3369 294 3452 quis
313 3379 359 3434 tot
376 3391 468 3434 casus
485 3370 552 3436 vita
569 3372 771 3456 superaverit,
790 3371 870 3436 trahi
887 3371 990 3436 adhuc
1008 3370 1148 3434 diversas

124 3464 159 3527 in
175 3471 288 3540 terras,
311 3463 366 3527 ubi
387 3485 444 3548 per
465 3487 582 3529 nomen
603 3488 750 3552 agrorum
771 3466 905 3552 uligines
927 3464 1078 3550 paludum
1098 3462 1150 3527 vel

124 3555 242 3621 inculta
262 3557 415 3621 montium
432 3557 595 3643 accipiant.
623 3560 780 3625 enimvero
797 3559 938 3624 militiam
959 3559 1062 3642 ipsam
1078 3579 1151 3642 gra·

125 3671 207 3727 vem,
224 3650 465 3718 infructuosam:
485 3652 573 3718 denis
590 3653 624 3717 in
641 3654 725 3718 diem
738 3653 863 3718 assibus
881 3653 1017 3717 animam
1035 3658 1067 3714 et
1083 3672 1162 3732 cor-¹

125 3766 185 3830 pus
203 3744 375 3823 aestimari3
393 3745 466 3810 hinc
479 3756 610 3825 vestem,
629 3769 725 3824 arma,
744 3747 884 3823 tentoria,
902 3746 976 3810 hinc
989 3743 1150 3813 saevitiam
1250 3751 1253 3755 ’

125 3837 342 3902 centurionum
354 3847 387 3903 et
398 3839 577 3905 vacationes
589 3862 754 3904 munerum
766 3839 890 3904 redimi:
905 3847 936 3904 at
949 3838 1073 3903 hercule
1083 3860 1151 3903 ver-

127 3930 202 3997 bera
218 3941 251 3996 et
263 3931 401 4010 vulnera,
420 3933 531 3999 duram
542 3933 687 4012 hiemem,
707 3933 858 3999 exercitas
872 3941 1016 4011 aestates,
1034 3931 1151 3997 bellum

127 4034 216 4091 atrox
233 4034 289 4092 aut
306 4025 442 4090 sterilem
459 4048 571 4111 pacem
590 4028 790 4113 sempiterna
812 4049 871 4092 nec
889 4027 974 4093 aliud
994 4026 1151 4092 levamen-

51 4138 54 4142 ·
127 4128 194 4184 tum
212 4141 309 4204 quam
327 4118 354 4186 si
371 4119 464 4186 certis
483 4118 542 4186 sub
559 4119 683 4206 legibus
700 4121 811 4186 militia
828 4121 969 4200 iniretur,
992 4132 1027 4186 ut
1045 4122 1151 4208 singu-
