2760 4874
393 405 599 466 ANNALIUM
616 407 907 463 maxum-48.
1034 444 1038 449 »
1096 396 1158 460 217

138 514 160 552 p.
171 501 210 541 Ch.
221 502 254 540 al.

138 566 301 633 castellum
320 574 495 629 commeatu
513 587 660 650 egenum:
679 586 719 627 nc
737 562 892 629 dubitaret
905 565 999 629 armis
1018 566 1161 631 incruen-

136 671 185 725 tas
204 659 401 724 condiciones
419 658 520 722 malle.
548 667 712 722 cunctante
735 658 775 722 ad
797 680 834 722 ea
851 658 1033 724 Mithridate
1056 671 1087 724 et
1109 685 1161 725 su-

138 754 254 840 spectis
272 752 422 836 praefecti
440 751 587 830 consiliis,
606 753 691 834 quod
708 753 858 837 paelicem
876 753 996 838 regiam
1008 755 1162 838 polluerat

137 848 230 931 inque
249 870 374 911 omnem
394 847 554 911 libidinem
576 847 695 910 venalis
717 846 903 923 habebatur,
928 846 1097 932 Casperius
1114 849 1162 912 in-

137 943 227 1007 terim
245 942 285 1005 ad
302 941 538 1005 Pharasmanen
555 940 706 1024 pervadit,
725 949 820 1023 utque
838 940 951 1005 Hiberi
968 941 1090 1006 obsidio
1108 943 1162 1006 de-

137 1036 250 1101 cedant
263 1035 453 1120 expostulat:
470 1034 522 1099 ille
534 1035 696 1119 propalam
708 1035 826 1110 incerta
838 1044 870 1098 et
883 1036 1007 1120 saepius
1020 1036 1163 1101 molliora

132 1131 344 1214 respondens,
364 1129 490 1193 secretis
507 1129 624 1193 nuntiis
642 1137 748 1192 monet
763 1128 983 1193 Radamistum
1000 1129 1163 1216 obpugna-

136 1223 254 1287 tionem
272 1244 397 1305 quoquo
415 1223 509 1286 modo
527 1222 675 1298 celerare3
698 1231 831 1308 augetur
847 1222 957 1308 flagitii
973 1245 1107 1300 merces,
1131 1233 1162 1288 et

135 1316 239 1381 Pollio
257 1317 379 1380 Occulta
396 1316 593 1400 corruptione
610 1315 731 1400 inpellit
747 1315 876 1393 milites,
894 1325 929 1380 ut
945 1339 1056 1402 pacem
1073 1318 1162 1403 flagi-

136 1419 239 1474 tarent
261 1432 356 1493 seque
373 1410 564 1494 praesidium
587 1410 758 1475 omissuros
776 1410 1004 1475 minitarentur:
1028 1434 1090 1494 qua
1106 1434 1162 1476 ne-

136 1504 282 1568 cessitate
304 1503 502 1568 Mithridates
526 1504 610 1568 diem
635 1502 801 1587 locumque
823 1504 942 1570 foederi
969 1506 1088 1590 accepit
1110 1527 1162 1570 ca-

137 1598 290 1681 stellaque
309 1599 475 1683 egreditur

200 1690 252 1755 Ac
269 1692 369 1775 primo
386 1692 551 1756 Radamist
539 1701 588 1757 tus
606 1691 640 1755 in
657 1693 869 1778 amplexus
843 1715 909 1756 erus
928 1692 1090 1757 effusus
1066 1715 1211 1763 simu-17

134 1751 201 1848 lare
219 1784 414 1868 obsequium,
434 1807 575 1849 socerum
589 1807 626 1849 ac
638 1796 799 1870 parentem
813 1786 983 1870 appellare;
1002 1787 1121 1851 adicit
1112 1810 1162 1852 rus

136 1879 316 1956 iurandum,
344 1902 407 1943 non
429 1879 525 1956 ferro,
552 1902 615 1944 non
637 1903 757 1944 veneno
780 1881 844 1944 vim
866 1878 940 1944 allat
928 1892 1046 1958 t3urum
1070 1882 1162 1946 simul
1235 1880 1242 1893 ''

137 1972 171 2036 in
188 1972 293 2037 lucum
310 1973 519 2057 propinquum
538 1973 639 2050 trahit,
656 1974 817 2061 provisum
835 1973 898 2037 illic
916 1974 1059 2039 sacrificii
1071 1997 1163 2058 para-

137 2075 205 2130 tum
223 2066 295 2129 dict
274 2075 377 2143 utens,
396 2076 430 2129 ut
448 2066 538 2131 diist
526 2075 587 2130 ttes
575 2065 686 2141 tibus
755 2066 892 2130 firmaret
880 2075 939 2130 tur.
962 2089 1030 2131 mos
1049 2077 1098 2130 est
1113 2091 1162 2131 re-

136 2158 245 2245 gibus,
273 2160 416 2241 quotiens
439 2159 472 2222 in
495 2160 644 2224 sociata
757 2169 824 2236 ant,
850 2160 1010 2244 implicare
1036 2159 1110 2222 dext
1098 2169 1161 2224 tras

137 2253 328 2338 pollicesque
354 2254 434 2317 inter
456 2276 490 2318 se
512 2254 628 2317 vincire
640 2234 798 2336 hodoque
820 2254 1061 2338 praestringere:
1088 2275 1162 2317 mox

137 2345 194 2410 ubi
211 2348 338 2431 sanguis
359 2345 420 2432 [in]
440 2357 524 2412 artus
548 2357 703 2413 extremos
726 2346 904 2423 suffuderit,
927 2346 989 2410 levi
1010 2347 1075 2410 ictu
1093 2369 1161 2410 cru-

138 2461 224 2504 orem
242 2439 417 2504 eliciuntt
356 2449 478 2524 tatque
500 2441 635 2505 invicem
656 2440 798 2505 lambunt
786 2449 812 2517 t;
834 2440 867 2503 id
884 2440 995 2504 foedus
1014 2462 1161 2504 arcanum

138 2531 271 2598 habetur
296 2534 386 2615 quasi
408 2544 516 2599 mutuo
543 2557 650 2599 cruore
678 2543 842 2599 sacratum.
875 2534 932 2598 sed
953 2543 1028 2597 tunc
1049 2534 1103 2617 qui
1125 2556 1162 2597 ea

138 2626 242 2690 vincla
267 2627 466 2705 admovebat,
493 2629 647 2694 decidisse
674 2627 823 2693 simulans
845 2650 950 2713 genua
970 2627 1162 2692 Mithridatis

139 2720 259 2784 invadit
283 2720 448 2805 ipsumque
469 2722 649 2806 prosternit3
677 2721 830 2804 simulque
853 2729 1007 2786 concursu
1027 2721 1162 2806 plurium

137 2814 306 2878 iniciuntur
323 2824 449 2879 catenae
468 2838 504 2880 ac
522 2817 686 2900 compede,
705 2816 790 2898 quod
807 2816 995 2880 dedecorum
1011 2814 1162 2892 barbaris,

138 2906 332 2983 trahebatur3
354 2930 487 2991 moxque
510 2910 639 2995 vulgus,
662 2910 741 2973 duro
763 2909 893 2995 imperio
915 2909 1069 2986 habitum,
1092 2931 1165 2994 pro-

137 2998 196 3066 bra
214 3021 251 3065 ac
268 3001 397 3065 verbera
414 3001 598 3070 intentabat:
615 3013 649 3083 et
666 3012 753 3067 erant
770 3012 877 3067 contra
894 3003 948 3086 qui
965 3012 1083 3067 tantam
1100 3003 1164 3068 for-

139 3103 233 3158 tunae
256 3095 529 3159 commutationem
550 3097 785 3174 miserarentur3
809 3104 977 3178 secutaque
1000 3119 1071 3161 cum
1093 3119 1164 3180 par-

138 3188 188 3252 vis
205 3187 310 3252 liberis
329 3189 442 3252 coniux
460 3199 572 3254 cuncta
588 3189 807 3254 lamentatione
825 3189 1009 3273 complebat.
1032 3189 1163 3253 diversis

140 3291 172 3346 et
194 3282 342 3346 contectis
364 3282 515 3347 vehiculis
538 3282 708 3360 abduntur,
736 3283 811 3346 dum
832 3282 1055 3347 Pharasmanis
1077 3282 1164 3346 iussa

140 3375 388 3458 exquirerentur:
410 3376 456 3440 illi
473 3377 586 3461 cupido
604 3377 693 3462 regni
715 3376 809 3440 fratre
827 3385 859 3440 et
876 3375 939 3439 filia
960 3375 1074 3459 potior,
1098 3374 1165 3438 ani·
1275 3398 1283 3417 ·

139 3490 273 3551 musque
292 3469 460 3534 sceleribus
478 3479 619 3555 paratus3
642 3469 726 3533 visui
743 3478 847 3532 tamen
865 3468 1036 3544 consuluit,
1054 3490 1094 3531 ne
1112 3489 1164 3531 eo-

138 3585 207 3627 ram
229 3562 427 3641 interficerct3
452 3574 482 3627 et
503 3564 721 3639 Radamistus,
745 3563 836 3646 quasi
857 3562 932 3626 iuris
954 3561 1077 3625 iurandi
1099 3582 1164 3624 me-

139 3677 221 3732 mor,
248 3677 313 3720 non
334 3656 463 3733 ferrum,
490 3680 554 3720 non
575 3679 730 3722 venenum
751 3657 785 3719 in
806 3677 945 3720 sororem
967 3663 998 3718 et
1018 3663 1164 3738 patruum

139 3749 307 3833 expromit,
332 3750 388 3814 sed
409 3751 563 3834 proiectos
585 3751 619 3814 in
636 3750 768 3814 humum
785 3759 816 3813 et
837 3757 925 3812 veste
941 3747 1040 3812 multa
1060 3747 1164 3832 gravi-

139 3863 202 3926 que
219 3852 343 3927 opertos
361 3853 460 3908 necat.
483 3844 539 3908 filii
556 3866 679 3927 quoque
693 3842 895 3920 Mithridatis,
913 3842 998 3927 quod
1016 3840 1163 3906 caedibus

139 3945 305 4021 parentum
322 3937 589 4015 illacrimaverant,
609 3937 753 4001 trucidati
766 3945 848 4001 sunt.

204 4029 252 4096 At
265 4031 445 4114 Quadratus
464 4054 658 4119 cognoscens
674 4031 830 4118 proditum
845 4029 1050 4095 Mithridaten
1068 4037 1099 4095 et
1115 4029 1164 4094 rc'-
1181 4049 1213 4097 48

139 4125 284 4212 gnumab
293 4125 689 4206 interfectoribusobtineri,
699 4133 792 4191 vocat
800 4124 1161 4204 consilium,‘docetacta,
