2760 4874
1301 260 1331 335 Ι

362 377 568 434 Auusmuu
584 378 658 432 mu.
672 378 737 435 xv.
755 377 874 432 ss-sr.
1055 357 1131 431 '307

110 480 130 518 p.
141 468 181 508 ch.
191 470 224 508 65.

109 538 264 618 domoque
290 545 345 600 aut
369 534 467 600 hortis
495 534 620 599 clausus
647 535 688 599 ad
712 536 833 600 ludicra
859 535 933 599 circi
960 536 1133 601 ventitabat
1166 546 1185 587 ⁹

108 630 376 716 promptioresque
390 629 493 694 aditus
508 639 595 693 amnt
603 629 727 694 laetitia
738 630 917 714 spectaculi.
937 632 1076 697 ordinem
1085 632 1133 699 in-

109 724 196 788 sidiis
214 733 463 808 composuerant,
483 733 517 787 ut
525 724 713 801 Lateranus,
733 724 824 806 quasi
838 724 1013 789 subsidium
1027 725 1072 788 rei
1085 725 1132 791 fa-

108 817 220 881 miliari
233 827 343 894 oraret,
354 817 612 902 deprecabundus
627 828 658 882 et
670 818 803 904 genibus
821 819 969 903 principis
987 819 1131 883 accidens

107 920 316 996 prosterneret
325 911 485 975 incautum
494 921 720 996 premeretque,
727 912 822 975 animi
831 912 953 976 validus
964 921 995 976 et
1004 934 1132 997 corpore

107 1006 233 1091 ingens3
253 1016 319 1069 tum
336 1006 488 1070 iacentem
507 1016 539 1070 et
555 1007 739 1091 impeditum
753 1006 919 1081 tribuni-et
936 1007 1131 1073 centuriones

108 1109 139 1163 et
157 1109 339 1177 ceterorum,
358 1109 393 1164 ut
411 1100 544 1184 quisque
562 1101 727 1165 audentiae
744 1101 915 1178 habuisset,
934 1101 1133 1165 adcurrerent

107 1194 374 1277 trucidarentque,
393 1195 510 1279 primas
530 1194 590 1259 sibi
607 1204 711 1280 partes
730 1194 947 1280 expostulante
962 1194 1131 1271 Scaevino,
1227 1176 1280 1291 ἐξ

88 1287 162 1370 'qui
179 1288 349 1373 pugionem
367 1286 613 1372 temploSalutis
634 1287 681 1375 [in
693 1286 835 1373 Etruria]
855 1289 930 1365 sive,
949 1298 985 1359 ut
1001 1288 1054 1352 alii
1072 1299 1133 1353 tra-
1161 1293 1165 1300 '
1263 1291 1266 1297 ’

108 1382 223 1457 didere,
242 1381 400 1446 Fortunae
413 1382 579 1446 Ferentino
597 1382 630 1445 in
648 1382 763 1467 oppido
781 1383 957 1447 detraxerat
975 1382 1133 1468 gestabat*

107 1496 169 1557 que
186 1476 272 1538 velut
289 1497 405 1560 magno
424 1476 510 1561 o'peri
528 1497 651 1540 sacrum
657 1500 665 1553 ;
684 1476 808 1540 interim
825 1475 902 1540 Piso
921 1476 1005 1560 apud
1015 1477 1132 1539 ‘aedem

109 1568 232 1632 Cereris
251 1570 456 1654 opperiretur,
480 1569 566 1633 unde
586 1590 658 1634 eum
675 1570 852 1654 praefectus
870 1569 1006 1634 Faenius
1030 1579 1061 1634 et
1083 1592 1134 1634 ce-

108 1662 165 1726 teri
182 1663 315 1727 accitum
333 1664 450 1728 ferrent
467 1664 500 1728 in
518 1665 629 1741 castra,
648 1665 815 1728 comitante
832 1663 986 1739 Antonia,
1007 1663 1133 1728 Claudii

109 1754 254 1821 Caesaris
272 1757 345 1834 filia,
363 1758 405 1821 ad
422 1758 608 1822 eliciendum
626 1757 712 1844 volgi
729 1758 883 1834 favorem,
907 1758 992 1840 quod
1011 1757 1048 1822 O.
1067 1757 1134 1822 Pli-

106 1849 177 1912 nius
195 1860 360 1914 memorat:
379 1850 470 1915 nobis
488 1873 614 1938 quoquo
632 1852 725 1917 modo
738 1852 886 1916 traditum
900 1873 963 1914 non
977 1852 1132 1920 occultare

106 1943 140 2005 in
158 1943 260 2006 animo
278 1943 348 2022 fuit,
367 1944 510 2026 quamvis
529 1943 701 2008 absurdum
718 1945 875 2008 rideretur
888 1952 941 2007 aut
954 1944 1078 2008 inanem
1092 1946 1133 2008 ad

108 2057 196 2120 spem
205 2033 377 2099 Antoniam
390 2058 504 2100 nomen
513 2046 544 2100 et
556 2037 730 2121 periculum
743 2036 1008 2113 commodavisse,
1017 2049 1070 2100 aut
1079 2037 1133 2101 Pi-

109 2151 218 2193 sonem
230 2139 338 2193 notum
352 2151 456 2193 amore
469 2130 575 2194 uxoris
589 2130 642 2201 alii
655 2131 852 2194 matrimonio
866 2152 900 2194 se
917 2129 1131 2209 obstrinxisse,
1168 2200 1171 2204 ,

106 2223 168 2287 nisi
186 2222 213 2286 si
227 2221 539 2307 cupido'dominandi
556 2223 677 2287 cunetis
695 2223 860 2288 affectibus
878 2223 1058 2308 flagrantior
1075 2234 1131 2288 est.

173 2317 239 2384 Sed
256 2320 369 2383 mirum
383 2341 478 2401 quam
490 2320 572 2383 inter
585 2320 700 2384 diversi
714 2319 847 2405 generis,
866 2319 992 2395 ordinis,
1012 2319 1131 2394 aetatis,
1151 2334 1184 2381 54

108 2437 217 2491 sexus,
239 2415 334 2490 dites,
360 2436 514 2499 pauperes
532 2414 740 2479 taciturnitate
763 2414 867 2478 omnia
893 2409 1030 2477 cohibita
1056 2412 1131 2488 sint,

108 2509 207 2572 donec
216 2508 350 2593 proditio
360 2509 463 2593 coepit
472 2531 489 2573 e
499 2509 592 2573 domo
600 2507 747 2574 Scaevini
752 2533 761 2586 ;
775 2509 829 2591 qui
843 2508 942 2592 pridie
951 2507 1141 2571 insidiarum

106 2603 205 2665 multo
229 2624 372 2666 sermone
394 2625 466 2666 cum
483 2601 625 2667 Antonio
645 2602 771 2679 Natale,
798 2602 871 2665 dein
892 2623 1055 2687 regressus
1078 2594 1133 2665 do-

106 2719 193 2759 mum
207 2706 428 2761 testamentum
438 2697 626 2783 obsignavit,
636 2706 816 2782 promptum
825 2696 939 2781 vagina
951 2695 1130 2780 pugionem,

107 2790 146 2853 de
164 2811 226 2872 quo
246 2813 340 2875 supra
356 2791 458 2868 retuli,
477 2800 632 2856 vetustate
650 2791 798 2857 obtusum
816 2791 980 2874 increpans
995 2789 1132 2873 asperari

107 2905 184 2947 saxo
198 2884 275 2948 etin
289 2907 470 2949 mucronem
484 2886 646 2950 ardescere
655 2886 747 2950 iussit
760 2906 891 2968 eamque
900 2882 1131 2948 curamliberto

107 2976 239 3042 Milicho
257 2981 430 3058 mandavit;
459 2981 552 3044 simul
570 2980 749 3045 affluentius
769 2979 859 3043 solito
878 2978 1056 3042 convivium
1072 2978 1144 3041 ini-·

107 3081 188 3143 tum,
217 3094 377 3136 servorum
396 3074 549 3138 carissimi
570 3073 713 3140 libertate
735 3072 835 3136 etalii
857 3071 990 3156 pecunia
1011 3070 1132 3146 donati3

107 3173 202 3245 atque
220 3165 287 3247 ipse
301 3176 440 3231 maestus
454 3176 485 3230 et
497 3189 631 3252 magnae
646 3164 843 3251 cogitationis
857 3163 1042 3227 manifestus
1057 3172 1131 3237 erat,

108 3257 251 3337 quamvis
269 3258 419 3322 laetitiam
441 3260 532 3344 vagis
556 3259 751 3322 sermonibus
775 3255 948 3333 simularet;
971 3264 1132 3340 postremo

106 3348 285 3414 volneribus
303 3350 482 3436 ligamenta,
502 3351 680 3435 quibusque
699 3349 819 3417 sistitur
837 3349 980 3434 sanguis,
999 3347 1131 3433 petebat,

107 3464 187 3524 quae
206 3445 339 3508 eundem
356 3444 523 3508 Milichum
541 3455 656 3522 monet,
676 3444 746 3508 sive
760 3465 893 3529 gnarum
911 3441 1148 3513 coniurationisv

108 3546 139 3600 et
155 3531 229 3602 illuc
245 3560 347 3621 usque
364 3539 471 3615 fidum,
492 3561 549 3603 seu
566 3539 707 3604 nescium
721 3549 754 3603 et
766 3552 840 3602 tunc
853 3538 988 3622 primum
1001 3536 1132 3620 arreptis

108 3631 348 3716 suspicionibus,
362 3631 397 3696 ut
406 3632 545 3717 plerique
556 3634 708 3697 tradidere
719 3633 758 3696 de
768 3630 1045 3714 consequentibus:
1059 3653 1133 3693 nam

108 3746 180 3787 cum
206 3748 314 3790 secum
340 3726 461 3790 servilis
488 3727 610 3791 animus
636 3727 776 3812 praemia
797 3725 945 3811 perfidiae
967 3725 1131 3808 reputavit,

109 3817 263 3900 simulque
276 3820 419 3885 inmensa
427 3821 560 3904 pecunia
572 3830 604 3884 et
616 3820 755 3905 potentia
766 3818 1024 3894 obversabantur,
1038 3818 1133 3882 cessit

36 3919 39 3923 ’
108 3908 158 3973 fas
176 3921 207 3975 et
225 3911 310 3976 salus
328 3914 451 3998 patroni
469 3924 500 3978 et
512 3924 658 3999 acceptae
672 3913 822 3978 libertatis
836 3912 999 3989 memoria3
1018 3911 1132 3976 etenim

109 4005 214 4070 uxoris
233 4027 357 4089 quoque
376 4008 541 4073 consilium
559 4008 792 4092 adsumpserat,
818 4005 969 4070 muliebre
991 4027 1029 4069 ac
1046 4005 1132 4070 dete-

109 4099 187 4165 rius:
215 4102 330 4189 quippe
349 4104 430 4168 ultro
452 4113 570 4169 metum
591 4103 774 4181 intentabat,
800 4102 980 4185 multosque
995 4101 1131 4167 astitisse

896 4201 959 4266 20⁴l
