2760 4874
252 382 315 448 310
597 389 780 448 CORNELII
796 389 926 447 TACITI

1168 490 1190 519 a.
1200 492 1223 520 u.
1234 483 1280 523 818.

251 575 303 617 ros
322 551 416 615 etiam
434 549 588 634 integros,
614 569 825 634 magnamque
842 557 945 613 motae
967 547 1012 611 rei
1035 547 1169 625 samam,
1198 572 1281 633 quae

250 646 420 733 plurimum
437 644 470 707 in
488 642 578 707 novis
597 642 734 707 consiliis
757 642 888 719 valeret;
914 641 992 705 nihil
1013 642 1182 707 adversum
1200 642 1279 708 haec
1297 682 1299 686 ι

251 739 368 804 Neroni
386 736 559 823 provisum;
577 735 671 801 etiarn
684 735 782 800 fortes
800 736 884 801 uiros
899 735 1010 800 subitis
1024 736 1142 812 terreri,
1160 737 1280 800 nedum

251 832 303 897 ille
322 828 479 907 scenicus,
498 829 654 915 Tigellino
673 829 790 897 scilicet
808 851 880 893 cum
901 828 1073 913 paelicibus
1096 830 1162 894 suis
1181 831 1280 895 comi-

252 936 347 1002 tante,
366 947 452 990 arma
470 934 577 988 contra
594 922 703 1000 cieret;
721 922 820 987 multa
837 923 1026 1007 experiendo
1039 923 1177 1000 confieri,
1196 946 1279 1008 quae
1296 962 1301 968 ·
1369 952 1372 965 ·

252 1018 401 1105 segnibus
428 1017 526 1082 ardua
551 1017 729 1094 videantur3
756 1017 873 1081 frustra
895 1016 1053 1081 silentium
1074 1026 1106 1080 et
1128 1017 1225 1081 fidem
1247 1019 1279 1081 in

252 1123 296 1178 tot
323 1112 518 1178 consciorum
549 1111 660 1176 animis
692 1120 724 1175 et
753 1110 933 1196 corporibus
960 1132 1099 1195 sperare3
1127 1113 1280 1176 cruciatui

251 1217 305 1271 aut
322 1205 460 1291 praemio
479 1214 591 1270 cuncta
607 1205 716 1290 pervia
733 1227 817 1283 esse;
840 1215 987 1269 venturos
1006 1205 1060 1288 qui
1077 1205 1183 1289 ipsum
1201 1227 1280 1289 quo-

251 1323 312 1383 que
335 1299 500 1376 vincirent,
527 1309 685 1384 postremo
707 1298 836 1383 indigna
858 1319 935 1362 nece
957 1297 1132 1362 afficerent:
1160 1310 1279 1382 quanto

250 1392 439 1458 laudabilius
457 1393 639 1477 periturum,
649 1394 725 1457 dum
734 1391 931 1477 amplectitur
942 1414 1009 1456 rem
1022 1391 1191 1477 publicam,
1203 1394 1278 1457 dum

251 1488 368 1552 auxilia
384 1486 518 1552 libertati
536 1485 673 1553 invocati
693 1486 782 1551 miles
799 1486 904 1570 potius
919 1486 1043 1550 deesset
1056 1496 1087 1550 et
1100 1486 1211 1570 plebes
1224 1487 1279 1551 de-

253 1591 377 1656 sereret,
397 1581 472 1644 dum
489 1581 557 1665 ipse
574 1579 755 1658 maioribus,
774 1580 849 1643 dum
866 1579 1009 1664 posteris,
1034 1578 1061 1644 si
1078 1580 1144 1644 vita
1161 1581 1279 1664 praeri-

250 1685 389 1759 peretur,
412 1683 545 1737 mortem
562 1672 757 1757 adprobaret
780 1672 929 1738 immotus
946 1672 996 1739 his
1014 1682 1046 1737 et
1062 1673 1228 1757 paululum
1245 1674 1278 1738 in

251 1766 377 1852 publico
396 1778 552 1843 versatus,
578 1777 651 1852 post
668 1767 753 1831 domi
771 1777 924 1844 secretus,
951 1767 1090 1832 animum
1108 1768 1279 1834 adversum

238 1856 398 1945 'suprema
415 1859 573 1938 firmabat,
601 1861 699 1925 donec
717 1884 829 1926 manus
847 1862 980 1926 militum
997 1861 1173 1939 adveniret,
1197 1883 1278 1945 quos

252 1954 336 2019 Nero
354 1954 468 2019 tirones
486 1964 541 2018 aut
559 1955 722 2040 stipendiis
739 1964 879 2019 recentes
897 1954 1069 2040 delegerat3
1092 1974 1168 2022 nam
1185 1966 1278 2020 vetus

253 2050 342 2114 miles
365 2049 533 2114 timebatur
555 2058 715 2133 tamquam
737 2050 844 2114 lavore
865 2049 1004 2114 inbutus.
1032 2048 1109 2114 obiit
1135 2048 1278 2135 abruptis

254 2142 451 2208 brachiorum
470 2143 568 2208 venis.
588 2153 809 2209 testamentum
827 2143 928 2208 foedis
950 2143 1101 2208 adversus
1118 2142 1279 2208 Neronem

253 2236 483 2302 adulationibus
501 2238 600 2302 amori
617 2238 723 2303 uxoris
742 2238 836 2314 dedit,
855 2260 950 2322 quam
965 2238 1153 2323 degenerem
1166 2248 1198 2302 et
1211 2238 1280 2304 sola

253 2331 390 2415 corporis
412 2329 514 2395 forma
535 2331 783 2396 commendatam
806 2331 898 2395 amici
920 2330 1116 2396 matrimonio
1139 2330 1280 2396 abstule-

252 2435 314 2501 rat;
337 2446 450 2488 nomen
472 2425 609 2490 mulieris
626 2424 720 2491 Atria
738 2422 844 2502 Galla,
867 2425 962 2510 priori
987 2425 1098 2489 marito
1115 2424 1278 2490 Domitius

254 2515 354 2582 Silus:
373 2518 424 2582 hic
442 2518 599 2603 patientia,
618 2519 671 2583 illa
688 2519 870 2604 inpudicitia
882 2518 1008 2583 Pisonis
1026 2518 1190 2583 infamiam
1207 2542 1280 2604 pro-

253 2634 418 2697 pagavere.

204 2726 236 2770 eo
317 2705 498 2769 Proximam
516 2729 625 2771 necem
642 2706 759 2771 Plautii
776 2707 936 2797 Laterani,
955 2706 1091 2771 consulis
1111 2707 1277 2793 designati,

253 2797 336 2860 Nero
354 2799 603 2883 adiungit,'adeo
620 2823 752 2884 propere
765 2811 800 2864 ut
813 2823 875 2864 non
889 2801 1053 2886 complecti
1070 2799 1196 2876 liberos,
1216 2824 1279 2865 non

253 2889 330 2952 illud
347 2889 441 2952 breve
459 2893 565 2955 mortis
589 2893 749 2956 arbitrium
771 2895 970 2979 permitteret.
997 2895 1157 2979 raptus-in
1174 2895 1278 2960 locum

254 2981 417 3047 servilibus
435 2985 544 3068 poenis
563 2987 733 3069 sepositum
752 3011 847 3052 manu
858 2987 950 3054 Statii
968 2988 1083 3053 tribuni
1096 2989 1278 3067 trucidatur,

253 3078 364 3162 plenus
384 3079 553 3146 constantis
568 3080 683 3147 silentii
695 3103 753 3149 nec
768 3081 892 3150 tribuno
906 3083 1043 3151 obiciens
1058 3084 1189 3149 eandem
1206 3106 1279 3150 con-

255 3173 425 3238 scientiam.

321 3268 470 3352 Sequitur
491 3274 603 3338 caedes
621 3273 747 3340 Annaei
767 3274 920 3354 Senecae,
944 3277 1116 3342 laetissima
1132 3278 1277 3362 principi,

254 3386 318 3427 non
344 3365 417 3446 quia
446 3367 666 3434 coniurationis
692 3369 894 3435 manifestum
921 3380 1129 3457 compererat,
1160 3373 1219 3436 sed
1245 3383 1280 3436 ut

255 3458 337 3522 ferro
356 3472 560 3544 grassaretur,
578 3464 872 3546 quandovenenum
885 3488 949 3529 non
962 3475 1176 3550 processerat,
1192 3465 1278 3530 solus

255 3552 370 3637 quippe
379 3553 499 3618 Natalis
510 3557 699 3622 ethactenus
709 3559 870 3643 prompsit,
880 3560 1012 3624 missum
1022 3582 1056 3624 se
1065 3560 1106 3624 ad
1115 3570 1278 3645 aegrotum

258 3644 421 3724 Senecam,
440 3649 486 3712 uti
504 3650 618 3715 viseret
635 3663 937 3737 conquerereturque
954 3676 1010 3719 cur
1023 3653 1174 3719 Pisonem
1192 3655 1279 3719 aditu

256 3751 386 3804 arceret:
405 3742 515 3807 melius
530 3744 607 3821 fore,
626 3745 653 3809 si
667 3747 836 3810 amicitiam
844 3747 994 3812 'familiari
1008 3769 1181 3833 congressu
1190 3770 1279 3812 exer-

256 3836 407 3913 cuissent3
442 3846 473 3901 et
499 3841 699 3923 respondisse
727 3839 881 3906 Senecam
907 3865 1065 3908 sermones
1092 3853 1220 3908 mutuos
1247 3852 1278 3906 et

255 3931 364 3995 crebra
381 3932 535 4015 colloquia
551 3935 653 3998 neutri
671 3937 843 4000 conducere
849 3961 858 4015 ;
877 3947 1015 4002 ceterum
1034 3938 1168 4001 salutem
1187 3960 1278 4002 suam

255 4023 465 4090 incolumitate
491 4026 616 4094 Pisonis
643 4029 742 4094 inniti.
769 4030 847 4095 haec
867 4030 948 4096 ferre
972 4031 1093 4097 Gauius
1117 4029 1276 4107 Silvanus,

257 4115 398 4182 tribunus
420 4122 593 4203 praetoriae
615 4123 764 4203 cohortis,
789 4133 820 4190 et
841 4149 882 4190 an
903 4126 987 4192 dicta
1008 4125 1129 4191 Natalis
1157 4146 1277 4209 suaque
