2760 4874
610 212 742 261 ³¹
1205 212 1228 273 Ji:

387 388 594 448 Anunnrun
611 389 685 444 Lm.
700 391 781 446 xm.
799 392 918 447 39-41.
1098 378 1163 445 245
1241 456 1258 485 ᾇ
1325 424 1335 457 ,-

138 495 159 532 p.
171 481 210 522 Ch.
221 483 254 521 58.

136 559 257 626 rentur,
290 547 348 611 sub
377 547 472 611 ictum
500 546 667 611 dabantur:
693 549 802 632 procul
830 560 860 613 et
885 549 1047 615 latioribus
1072 551 1162 616 vadis

137 644 297 708 transiere.

200 736 248 799 At
265 735 421 800 Tiridates
443 735 562 820 pudore
581 745 612 799 et
629 747 728 813 metu,
752 758 791 800 ne
810 737 837 801 si
855 737 1062 802 concessisset
1073 737 1163 817 obsi·
1180 759 1214 806 40

137 832 236 908 dioni,
254 830 332 894 nihil
350 830 418 914 opis
436 830 555 915 inipso
573 830 743 907 videretur,
764 831 790 894 si
808 831 998 916 prohiberet,
1017 830 1163 916 inpeditis

137 926 213 991 locis
233 946 329 1007 seque
351 934 382 987 et
400 933 560 1006 equestres
579 924 684 1008 copias
707 925 853 1010 illigaret,
878 925 984 990 statuit
1004 936 1164 1011 postremo

137 1019 301 1084 ostendere
320 1017 419 1081 aciem
438 1027 468 1081 et
485 1018 558 1081 dato
577 1018 627 1081 die
644 1019 798 1102 proelium
814 1018 951 1104 incipere
969 1020 1019 1083 vel
1037 1019 1164 1083 simula-

136 1115 220 1178 tione
239 1113 334 1198 fugae
346 1113 451 1176 locum
465 1111 568 1175 fraudi
580 1133 705 1197 parare;
723 1112 818 1198 igitur
830 1122 957 1197 repente
971 1136 1086 1198 agmen
1098 1112 1163 1177 Ro-

136 1231 265 1272 manum
279 1205 509 1282 circumfundit,
528 1228 591 1269 non
604 1206 713 1290 ignaro
727 1206 805 1270 duce
819 1216 935 1283 nostro,
954 1207 1008 1289 qui
1021 1206 1090 1270 viae
1107 1229 1163 1290 pa·

136 1302 210 1365 riter
224 1311 254 1364 ct
267 1322 393 1385 pugnae
408 1309 625 1383 composuerat
638 1300 822 1364 exercitum:
840 1300 936 1364 latere
949 1301 1059 1364 dextro
1074 1300 1164 1364 tertia

98 1395 105 1408 '
136 1395 235 1480 legio,
259 1395 383 1458 sinistro
407 1405 496 1458 sexta
517 1393 695 1471 incedebat,
722 1395 833 1459 mediis
855 1396 1088 1460 decimanorum
1110 1397 1164 1458 de-

137 1488 226 1552 lectis
232 1513 241 1565 ;
259 1496 385 1572 recepta
400 1487 481 1551 inter
498 1488 621 1552 ordines
639 1488 871 1573 impedimenta,
891 1499 921 1553 et
939 1498 1062 1575 tergum
1079 1490 1163 1553 mille

138 1582 258 1665 equites
281 1581 461 1658 tuebantur,
485 1581 599 1664 quibus
617 1581 751 1646 iusserat
773 1593 807 1646 ut
829 1583 1016 1648 instantibus
1035 1583 1164 1647 commi-

136 1699 197 1740 nus
215 1676 407 1752 resisterent,
430 1676 559 1761 refugos
577 1698 640 1758 non
658 1686 875 1761 sequerentur3
896 1677 928 1740 in
947 1677 1091 1742 cornibus
1110 1699 1164 1761 pe-

137 1771 193 1833 des
213 1769 392 1854 sagittarius
410 1778 442 1832 et
459 1779 562 1833 cetera
579 1792 690 1834 manus
709 1770 848 1854 equitum
865 1770 944 1848 ibat,
967 1770 1164 1856 productiore

137 1885 234 1927 cornu
260 1863 385 1927 sinistro
411 1885 468 1947 per
492 1863 556 1926 ima
582 1863 721 1942 collium,
748 1873 783 1927 ut
805 1865 832 1928 si
853 1864 952 1929 hostis
975 1864 1163 1941 intravisset,

136 1957 239 2021 fronte
258 1957 351 2020 simul
368 1965 400 2020 et
417 1957 488 2020 sinu
506 1957 708 2041 exciperetur.
736 1958 892 2022 adsudtare
910 1980 950 2022 ex
968 1958 1092 2022 diverso
1110 1958 1165 2020 Ti-

136 2051 267 2128 ridates,
290 2073 354 2114 non
371 2071 471 2132 usque
489 2051 529 2114 ad
546 2050 643 2114 ictum
660 2051 726 2128 teli,
751 2052 891 2115 sedtum
912 2051 1072 2128 minitans,
1096 2060 1164 2114 tum

137 2145 242 2230 specie
260 2144 455 2229 trepidantis,
475 2144 502 2208 si
519 2143 624 2208 laxare
643 2145 766 2208 ordines
785 2155 815 2208 et
833 2145 972 2209 diversos
992 2144 1164 2208 consectari
1180 2227 1182 2231 Ι

136 2246 252 2323 posset.
284 2238 338 2303 ubi
359 2237 436 2302 nihil
459 2238 630 2302 temeritate
654 2237 804 2316 solutum,
831 2260 889 2302 nec
911 2238 1044 2322 amplius
1067 2259 1163 2320 quarn

137 2333 263 2396 decurio
281 2332 421 2415 equitum
439 2332 603 2396 audentius
626 2354 812 2417 progressus
829 2342 863 2396 et
880 2332 1001 2417 sagittis
1020 2331 1160 2394 confixus

137 2435 256 2491 ceteros
276 2427 316 2490 ad
333 2426 519 2509 obsequium
537 2426 680 2510 exemplo
693 2426 879 2503 firmaverat,
898 2425 1080 2511 propinquis
1098 2425 1162 2489 iam

137 2519 272 2584 tenebris
291 2520 453 2585 abscessit.
481 2530 512 2584 et
531 2519 669 2585 Corbulo
692 2530 794 2584 castra
810 2520 842 2584 in
859 2521 928 2584 loco
951 2529 1099 2595 metatus,
1123 2542 1163 2582 an
1181 2540 1213 2586 41

137 2613 290 2698 expeditis
316 2613 492 2699 legionibus
519 2623 610 2678 nocte
632 2612 786 2679 Artaxata
811 2623 954 2700 pergeret
980 2612 1163 2696 obsidioque

112 2758 114 2761 .
137 2708 342 2771 circumdaret
356 2707 494 2793 agitavit,
510 2708 704 2773 concessisse
713 2709 787 2772 illuc
796 2709 957 2773 Tiridaten
975 2716 1075 2785 ratus3
1091 2707 1163 2772 dein

136 2809 303 2886 postquam
327 2803 538 2887 exploratores
566 2802 696 2867 attudere
718 2803 923 2889 longinquum
945 2800 1029 2888 regis
1052 2801 1110 2865 iter
1133 2809 1164 2864 et

139 2895 228 2959 Medi
253 2919 293 2959 an
318 2895 438 2961 Albani
462 2905 641 2980 peterentur
666 2897 833 2974 incertum,
864 2897 967 2961 lucem
994 2895 1162 2981 opperitur,

136 2990 371 3074 praemissaque
388 2991 467 3054 levis
485 3002 650 3069 armatura,
670 3014 750 3075 quae
768 3014 873 3056 muros
892 2991 1014 3055 interim
1033 2988 1164 3053 ambiret

138 3084 463 3169 oppugnationemque
487 3086 607 3149 eminus
630 3086 789 3171 inciperet.
818 3087 875 3150 sed
897 3084 1044 3170 oppidani
1065 3084 1163 3167 portis

138 3188 248 3261 sponte
267 3179 431 3262 patefactis
451 3202 484 3242 se
504 3200 623 3262 suaque
640 3180 791 3244 Romanis
809 3179 992 3264 permisere,
1012 3176 1096 3259 quod
1114 3199 1164 3240 sa-

137 3270 236 3334 lutem
257 3272 334 3356 ipsis
358 3273 441 3336 tulit:
469 3272 631 3337 Artaxatis
653 3273 737 3358 ignis
759 3273 923 3348 inmissus,
948 3265 1111 3350 deletaque
1134 3279 1165 3332 et

138 3364 206 3427 solo
229 3375 362 3448 aequata
384 3375 471 3443 sunt,
498 3366 573 3448 quia
593 3387 652 3429 nec
673 3366 771 3430 teneri
794 3367 860 3430 sine
883 3365 986 3428 valido
1008 3363 1164 3448 praesidio

138 3457 179 3522 ob
193 3461 442 3546 magnitudinem
455 3461 623 3538 moenium,
642 3483 701 3525 nec
718 3461 750 3524 id
763 3459 854 3524 nobis
867 3460 981 3523 virium
998 3466 1065 3522 erat
1079 3457 1163 3539 quod

137 3552 289 3618 firmando
307 3556 465 3640 praesidio
484 3565 514 3620 et
532 3556 725 3640 capessendo
743 3554 826 3619 bello
844 3554 1047 3629 divideretur,
1067 3551 1117 3614 vel
1135 3552 1163 3614 si

136 3647 259 3733 integra
282 3662 313 3713 et
334 3650 524 3714 incustodita
545 3650 805 3734 relinquerentur,
829 3648 915 3712 nulla
935 3648 969 3711 in
987 3669 1024 3710 eo
1046 3645 1163 3708 utilitas

137 3750 192 3804 aut
209 3742 309 3827 gloria
327 3745 412 3827 quod
425 3740 517 3829 capta
529 3753 643 3809 essent
666 3744 798 3809 adicitur
811 3742 995 3806 miractdum
1008 3740 1094 3803 velut
1105 3761 1164 3801 nu-

136 3834 220 3898 mine
239 3836 392 3902 oblatum:
411 3862 484 3903 nam
503 3847 614 3902 cuncta
631 3847 732 3914 extra,
755 3847 836 3901 tecto
853 3836 1004 3900 haetenus
1023 3833 1098 3908 sole,
1116 3853 1164 3895 rc-

136 3937 230 4012 pente
247 3930 380 3996 illustria
397 3933 501 4009 fuere3
523 3932 609 4014 quod
631 3930 794 3995 moenibus
817 3928 1013 4015 cingebatur,
1035 3925 1080 3989 ita
1098 3934 1164 3988 atra

136 4020 221 4085 nube
239 4035 420 4108 coopertum
438 4024 676 4111 fulgoribusque
693 4023 862 4088 discretum
880 4032 938 4100 est,
958 4029 993 4085 ut
1009 4018 1099 4104 quasi
1116 4017 1164 4082 in-

136 4114 334 4184 fensantibus
353 4119 420 4186 deis
438 4120 532 4185 exitio
551 4119 630 4184 tradi
649 4119 835 4184 crederetur.
