2760 4874
220 394 240 455 6
571 406 753 462 CORNELII
767 406 899 462 TACITI

1136 510 1155 537 a.
1166 510 1187 538 u.
1198 502 1244 539 rer.

218 564 365 629 Rhenum
387 562 563 648 legionibus
585 563 723 648 inposuit
741 564 915 646 adscirique
933 586 989 649 per
1006 565 1208 653 adoptionem
1226 591 1245 631 a

219 657 346 722 Tiberio
363 657 467 731 iussit,
490 677 680 741 quamquam
699 667 782 720 esset
798 657 832 719 in
849 657 942 723 domo
961 657 1079 722 Tiberii
1096 648 1178 723 filius
1196 659 1245 724 iu·

218 752 320 827 venis,
345 751 401 815 sed
418 772 480 833 quo
498 749 639 834 pluribus
661 750 861 814 munimentis
883 750 1048 815 insisteret
1071 751 1189 816 bellum
1207 775 1244 817 ea

218 854 401 930 tempestate
414 844 534 908 nullum
547 844 608 907 nisi
621 844 771 908 adversus
787 842 962 927 Germanos
977 855 1147 930 supererat,
1166 846 1242 911 abo·

217 938 327 1002 lendae
350 938 451 1024 magis
477 937 624 1001 infamiae
648 937 688 1002 ob
711 938 862 1001 amissum
885 960 957 1002 cum
980 937 1133 1020 Quintilio
1156 939 1243 1005 Varo

217 1033 388 1096 exercitum
410 1054 504 1116 quam
527 1031 671 1115 cupidine
693 1030 871 1116 proferendi
892 1032 1014 1116 imperii
1036 1041 1090 1096 aut
1112 1034 1244 1118 dignum

162 1177 165 1181 Δ
217 1125 258 1191 ob
275 1126 459 1212 praemium.
482 1125 568 1188 domi
585 1146 635 1189 res
654 1125 852 1207 tranquillae3
876 1125 986 1189 eadem
1003 1127 1243 1211 magistratuum

125 1287 131 1299 ,
216 1220 383 1297 vocabula3
405 1219 542 1283 iuniores
563 1227 636 1303 post
653 1218 817 1283 Actiacam
835 1219 1010 1296 victoriam,
1034 1220 1128 1284 etiam
1151 1243 1242 1287 senes

215 1314 355 1398 plerique
378 1313 459 1376 inter
480 1311 563 1376 bella
585 1312 701 1376 civium
722 1313 801 1376 nati:
828 1313 1078 1397 quotusquisque
1102 1314 1242 1397 reliquus

218 1407 354 1489 quirem
371 1404 530 1491 publicam
548 1405 699 1470 vidisset?

182 1523 198 1568 4
279 1500 382 1585 Igitur
402 1521 494 1564 verso
516 1499 648 1563 civitatis
672 1508 755 1563 statu
772 1499 849 1563 nihil
871 1522 1004 1583 usquam
1025 1501 1120 1586 prisci
1142 1510 1173 1565 et
1195 1501 1243 1564 in·

216 1595 295 1680 tegri
309 1594 418 1671 moris3
437 1615 545 1658 omnes
559 1601 654 1657 exuta
666 1593 852 1676 aequalitate
865 1594 952 1658 iussa
963 1594 1112 1680 principis
1131 1616 1241 1679 aspec-

216 1698 294 1763 tare,
318 1687 405 1751 nulla
426 1687 459 1750 in
479 1708 627 1771 praesens
650 1686 829 1764 formidine,
853 1687 928 1750 dum
950 1687 1117 1774 Augustus
1140 1696 1241 1752 aetate

215 1781 337 1847 validus
362 1803 457 1863 seque
475 1789 506 1845 et
523 1782 650 1846 domum
669 1790 700 1845 et
721 1803 831 1866 pacem
854 1782 1052 1845 sustentavit:
1075 1790 1242 1866 postquam

215 1885 362 1962 provecta
375 1876 438 1939 iam
453 1885 596 1940 senectus
611 1898 704 1961 aegro
719 1886 750 1939 et
763 1897 892 1960 corpore
906 1874 1105 1961 fatigabatur,
1120 1875 1243 1939 aderat-

215 1991 276 2052 que
298 1969 369 2033 finis
393 1978 424 2032 et
447 1991 519 2053 spes
541 1991 655 2046 novae,
679 1969 771 2054 pauci
793 1969 876 2034 bona
897 1968 1047 2033 libertatis
1066 1969 1098 2032 in
1115 1991 1242 2033 cassum

216 2066 377 2141 disserere,
395 2064 501 2148 plures
515 2063 631 2128 bellurn
644 2086 822 2149 pavescere,
842 2065 894 2128 alii
912 2086 1024 2149 cupere
1030 2089 1039 2141 ;
1056 2086 1129 2148 pars
1143 2063 1242 2128 multo

215 2157 352 2221 maxima
369 2157 548 2221 inminentis
567 2158 710 2221 dominos
733 2157 827 2221 variis
846 2157 1022 2222 rumoribus
1041 2154 1240 2220 differebant:

215 2263 334 2316 trucem
346 2251 524 2338 Agrippam
538 2261 568 2315 et
581 2251 752 2337 ignominia
765 2273 931 2314 accensum
945 2274 1009 2315 non
1022 2260 1122 2314 aetate
1139 2271 1244 2334 neque

214 2368 318 2411 rerum
336 2345 526 2431 experientia
544 2355 648 2409 tantae
666 2344 740 2409 moli
757 2367 878 2428 parem3
902 2343 1064 2408 Tiberium
1082 2343 1242 2409 Neronem

214 2451 370 2504 maturum
393 2441 497 2516 annis,
521 2449 695 2525 spectatum
713 2439 809 2514 bell0‚
833 2439 889 2502 sed
911 2448 1014 2502 vetere
1037 2449 1130 2520 atque
1147 2437 1242 2501 insita

216 2531 367 2598 Claudiae
393 2532 530 2598 familiae
558 2531 716 2616 superbia,
747 2531 907 2614 multaque
937 2531 1052 2595 indicia
1083 2531 1240 2607 saevitiae,

215 2648 405 2710 quamquam
430 2637 624 2710 premantur,
652 2647 827 2711 erumpere3
853 2625 937 2689 hunc
959 2633 990 2688 et
1011 2625 1112 2710 prima
1133 2621 1173 2687 ab
1195 2624 1242 2686 in-

214 2719 313 2784 fantia
330 2720 476 2785 eductum
494 2721 527 2783 in
545 2721 638 2783 domo
655 2719 842 2805 regnatrice3
861 2728 1026 2805 congestos
1044 2718 1150 2781 iuveni
1168 2739 1241 2781 con-

215 2813 348 2889 sulatus,
377 2813 564 2898 triumphos3
591 2835 631 2874 ne
653 2813 700 2876 iis
715 2812 840 2894 quidem
867 2813 971 2889 annis,
1000 2811 1113 2895 quibus
1134 2811 1241 2875 Rhodi

215 2906 320 2990 specie
333 2928 476 2970 secessus
495 2906 618 2970 exulem
633 2906 739 2991 egerit,
759 2907 876 2989 aliquid
889 2929 983 2990 quam
1000 2906 1078 2969 iram
1097 2915 1127 2968 et
1146 2905 1242 2969 simu-

214 2998 362 3065 lationem
381 3009 412 3064 et
426 3009 560 3064 secretas
575 3000 718 3065 libidines
732 3001 930 3078 meditatum3
949 3000 1096 3064 accedere
1109 3009 1241 3062 matrem

215 3088 358 3158 muliebri
383 3094 567 3177 inpotentia:
596 3095 793 3158 serviendum
820 3093 955 3158 feminae
982 3093 1168 3175 duobusque
1194 3093 1241 3155 in-

216 3210 309 3272 super
326 3187 593 3264 adulescentibus,
617 3189 670 3271 qui
688 3211 754 3253 rem
772 3188 930 3273 publicam
947 3187 1070 3251 interim
1087 3196 1239 3272 premant,

140 3344 144 3353 ,
215 3283 401 3367 quandoque
419 3284 601 3348 distrahant.

44 3432 47 3437 .
181 3403 195 3447 s
277 3377 369 3441 Haec
387 3387 480 3460 atque
498 3378 572 3442 talia
593 3377 785 3464 agitantibus
807 3399 991 3465 gravescere
1013 3377 1153 3442 valitudo
1171 3374 1241 3438 Au-

41 3392 127 3555 ff
215 3473 299 3557 gusti
304 3497 313 3550 3
332 3472 504 3556 etquidem
518 3472 619 3536 scelus
633 3472 739 3536 uxoris
754 3471 989 3558 suspectabant:
1008 3471 1123 3555 quippe
1136 3490 1242 3532 rumor

215 3569 394 3645 incesserat,
413 3589 531 3653 paucos
549 3576 621 3631 ante
638 3589 763 3631 menses
781 3566 965 3653 Augustum
983 3565 1088 3629 electis
1107 3563 1241 3627 consciis

215 3672 246 3725 et
264 3661 375 3726 comite
393 3684 456 3725 uno
469 3659 569 3725 Fabio
582 3659 725 3724 Maximo
739 3659 919 3725 Planasiam
937 3667 1063 3724 vectum
1080 3658 1119 3721 ad
1139 3656 1242 3720 visen-

215 3755 290 3818 dum
312 3753 506 3840 Agrippam3
534 3754 647 3818 multas
669 3754 732 3819 illic
754 3754 909 3837 utrimque
930 3753 1129 3816 lacrimas·et
1151 3749 1243 3835 signa

216 3848 352 3911 caritatis
368 3870 518 3932 spemque
533 3871 573 3912 ex
586 3871 633 3925 eo,
652 3847 718 3912 fore
733 3858 767 3911 ut
784 3847 905 3911 iuvenis
923 3844 1089 3931 penatibus
1103 3843 1154 3907 avi
1172 3842 1242 3906 red-

216 3945 353 4020 deretur;
377 3945 462 4026 quod
484 3943 662 4008 Maximum
684 3943 773 4006 uxori
796 3941 936 4006 Marciae
958 3939 1131 4024 aperuisse,
1155 3935 1241 4000 illam

216 4036 338 4102 Liviae.
369 4041 516 4121 ignarum
538 4039 571 4101 id
594 4036 737 4113 Gaesari3
764 4057 865 4118 neque
891 4033 989 4097 multo
1011 4041 1083 4118 post
1104 4031 1242 4095 extincto

216 4130 367 4204 Maximo,
387 4130 517 4194 dubium
532 4154 571 4194 an
585 4131 725 4220 quaesita
738 4139 844 4204 morte,
864 4127 986 4191 auditos
999 4126 1031 4189 in
1045 4126 1153 4189 funere
1173 4123 1241 4188 eius
