2760 4874
484 401 606 444 scurrula
625 401 843 446 commutatio.
1109 395 1205 440 xxix

111 518 171 582 est,
189 513 220 566 in
233 512 296 582 ipsa
309 510 485 582 praefatione
501 529 524 566 c.
534 512 559 566 3.
570 512 651 567 dicit:
669 513 798 582 negotiu
812 529 846 566 ea
860 527 973 566 causam
991 509 1141 580 pestiferae
1156 526 1205 578 po-

111 599 167 634 rum
184 598 299 650 uuquam
317 581 487 634 atrocioribus
503 583 600 649 populi
614 582 650 634 ll.
669 582 775 636 tentiae
785 581 992 650 positamesse3
1003 580 1053 632 sed
1064 579 1206 632 cumvicta

111 643 231 702 cladibus
239 649 352 718 mcqrbve
364 651 436 702 iustis
447 650 547 703 iudiciis
555 667 651 719 oppro-
668 649 719 703 illa
728 666 785 702 non
795 648 885 702 minus
895 647 1008 702 exitium
1017 646 1057 701 rei
1063 647 1205 700 Romanae

111 721 201 770 batum
213 725 261 781 est,
278 718 544 770 uonessecurcedeis
557 718 651 770 secud-
670 717 797 773 attulerit
814 733 897 787 quam
917 716 983 769 dum
1000 714 1101 785 viguit,
1124 713 1205 783 quasi

111 794 323 849 tatemuostram,
337 786 531 838 esscultz'oucm.
548 784 652 838 Infelix
670 785 782 839 divinae
795 785 855 839 irae
864 784 1076 837 instrumentum
1087 781 1205 836 Seianus

111 868 181 908 vcro
191 857 221 906 et
229 852 331 906 misera
340 852 548 922 persuasio,cui
557 859 652 907 tamen
670 853 759 907 videri
772 857 877 922 potest,
897 851 976 905 cuius
994 857 1023 905 et
1036 850 1163 920 potentia
1176 855 1207 904 et

111 921 231 974 fuerunt
252 920 301 990 qui
322 919 408 974 fidem
429 937 488 974 non
512 920 653 975 haberent
670 939 738 975 casu
752 921 859 990 pariter
869 920 908 973 dii
922 919 959 973 ad
975 918 1141 988 affligendos
1149 918 1205 971 Ro-

111 989 581 1058 proptereaquodconsentaneum
593 1006 651 1042 non
669 1007 768 1043 manos
782 989 826 1042 usi
844 987 913 1055 sint3
939 987 1023 1040 altius
1042 1003 1107 1040 vcro
1120 986 1205 1039 intro·

113 1062 192 1110 esset
213 1063 271 1109 tam
292 1055 387 1110 tristes
410 1063 440 1110 et
462 1074 562 1111 saevos
581 1058 651 1111 deos
670 1058 1120 1128 spicientiveracausatautnrum
1134 1054 1207 1108 cala·

112 1124 205 1192 credi,
232 1130 263 1176 ut
287 1141 439 1193 numquam
464 1125 650 1194 benignitate,
669 1126 795 1179 mitatum
813 1124 843 1178 in
859 1125 1051 1178 Romanorum
1068 1123 1207 1192 pravitate

113 1209 225 1262 semper
239 1192 281 1245 ira
293 1197 402 1245 tantum
415 1193 445 1245 iu
454 1193 581 1248 homines
590 1199 650 1247 ute·
670 1194 808 1248 etinertia
817 1192 912 1262 posita
922 1197 1053 1260 est,quae
1064 1207 1097 1244 ex
1107 1190 1208 1259 seipsa

112 1265 262 1314 tenturus
288 1259 423 1314 Nimirum
437 1277 495 1314 nou
508 1261 650 1331 cogitave-
669 1258 1207 1332 tyrannoseorumqueimpotentemdo-

112 1333 188 1407 runt,
198 1327 229 1380 id
258 1329 315 1381 uod
325 1344 410 1397 supra
420 1329 485 1397 dixi,
496 1346 553 1383 non
563 1329 651 1383 videri
669 1330 849 1384 minationem
862 1328 1009 1400 generavit
1024 1332 1053 1381 et
1065 1333 1207 1396 tamquam

114 1397 217 1449 'l'acrto
252 1395 319 1449 rvini
339 1397 488 1466 quicquam
510 1414 572 1451 esse
596 1397 651 1450 nisi
669 1399 757 1478 pestis
771 1398 911 1468 quaedam
929 1396 982 1449 toti
999 1396 1105 1466 populo
1122 1394 1207 1448 ediis

112 1463 246 1517 inanimis
256 1463 651 1535 hominumnequeagendifa-
671 1466 794 1519 immissa
815 1482 850 1520 ea
872 1465 967 1519 omnia
993 1463 1098 1529 effecit,
1134 1477 1207 1533 quae

113 1533 323 1585 cultatemdeos
332 1532 591 1588 ullamhaberenisi
600 1551 651 1602 per
669 1552 687 1588 a
696 1535 814 1614 singulis
829 1533 988 1588 hominibus
1002 1550 1055 1586 neo
1064 1530 1141 1585 effici
1154 1548 1207 1585 nec

113 1601 229 1654 eosdem
249 1599 391 1653 hominum
412 1601 536 1670 animos3
564 1619 650 1671 quare
669 1602 813 1682 prohrberi
831 1607 956 1671 possent
991 1600 1121 1654 Pravitas
1139 1616 1206 1653 vero
1289 1634 1294 1642 ·

112 1667 146 1721 fit
163 1673 195 1720 ut
213 1668 247 1720 de
269 1668 374 1721 ravatis
396 1670 521 1722 moribus
544 1670 651 1722 nullum
670 1671 1207 1741 illaquoniametortumetprogressum

112 1752 232 1805 usquam
262 1736 364 1789 ‘vinum
373 1753 476 1790 numen
486 1754 548 1792 esse
558 1737 651 1791 videa·
670 1745 699 1792 et
707 1745 849 1819 tamquam
858 1737 1004 1791 historiam
1013 1736 1122 1803 habuit,
1132 1735 1206 1789 idem

112 1810 159 1856 tur
176 1819 269 1872 neque
287 1801 342 1857 vim
359 1804 447 1858 ullam
460 1805 490 1858 in
503 1807 588 1860 rebus
602 1807 651 1858 hu·
671 1807 755 1860 etiam
772 1825 801 1860 111
820 1807 936 1860 deorum
952 1805 1022 1859 iram
1040 1805 1141 1858 cadere
1159 1819 1203 1856 ne·
1221 1800 1238 1833 ⁰

112 1871 204 1925 manis
218 1888 346 1926 exserere
359 1873 452 1941 possit
468 1873 523 1926 nisi
540 1873 651 1927 noxiam
670 1891 749 1929 cesso
764 1880 820 1942 est,
840 1874 944 1944 quippe
983 1889 1035 1926 uae
1050 1873 1147 1926 eadem
1161 1887 1207 1924 res

113 1945 144 1992 et
152 1939 651 2011 perniciosam,qualemaconuptis
671 1943 714 1997 sit.
733 1890 1207 2022 Originemeiusilacitusapoten·
1251 2005 1253 2009 ‚

113 2006 257 2060 hominum
267 2007 367 2061 animis
376 2007 519 2088 proficisci
533 2027 585 2078 par
595 2015 651 2078 est3
671 2011 727 2064 tiae
738 2010 868 2080 cupidine
877 2010 989 2078 repetit,
1005 2025 1076 2078 quae
1087 2025 1149 2061 cum
1159 2007 1207 2058 im-

112 2075 143 2128 id
152 2076 193 2128 ita
203 2091 274 2142 esse,
291 2092 441 2145 perspicue
456 2079 583 2132 declarat
591 2095 651 2132 ver·
669 2078 740 2146 perii
752 2077 945 2148 magnitudine
963 2076 1089 2130 adolevit
1104 2074 1207 2143 erupit-

113 2143 159 2196 bis
165 2142 235 2195 illis:
241 2145 399 2212 propitiine·
401 2163 452 2214 per
461 2155 652 2199 moresuostros
671 2163 739 2216 que3
757 2146 884 2199 adolevit
897 2151 990 2198 autem
1003 2144 1077 2198 iuter
1092 2143 1207 2196 tribuni-

114 2211 650 2282 liceret,deis,1³4quibussignificatipso·
671 2214 728 2268 cias
754 2215 853 2267 turbas
877 2221 906 2267 et
925 2218 1035 2281 patrum
1057 2211 1207 2330 plebisque

113 2296 175 2332 rum
188 2277 332 2332 hominum
351 2280 458 2334 scelere
476 2281 651 2335 combustum
671 2282 837 2348 certamina3
865 2281 958 2348 erupit
980 2278 1101 2349 denique
1125 2278 1207 2332 belis

113 2362 177 2400 esse
188 2345 359 2414 Capitolium
368 2364 431 2400 cum
444 2365 598 2420 prosperae
609 2366 651 2405 es·
671 2350 800 2404 civilibus
814 2347 931 2402 aMario
943 2346 1077 2416 Sullaque
1092 2346 1207 2415 primum

113 2419 178 2467 sent
196 2430 243 2468 res
260 2415 405 2469 Romanae
428 2433 482 2470 neo
503 2419 591 2471 ullum
614 2418 650 2472 ab
691 2418 768 2485 estis,
806 2416 890 2469 uibus
909 2414 1066 2484 aequalitas
1083 2430 1207 2483 pessum·
1288 2459 1290 2462 .

112 2481 236 2536 externis
255 2483 385 2536 hostibus
403 2484 566 2553 periculum.
594 2484 651 2539 Sed
670 2435 750 2553 fieta,
770 2433 888 2537 libertas
902 2481 1109 2536 armisvictaet
1120 2481 1149 2534 iu
1160 2481 1207 2534 do-

112 2551 204 2619 ipsam
213 2550 290 2604 illam
300 2551 443 2605 hominum
458 2554 569 2622 culpam
583 2553 651 2607 alibi
670 2552 851 2606 minationem
862 2567 999 2604 conversa
1013 2555 1071 2617 est3
1090 2550 1208 2604 candem

111 2618 240 2687 appellat
266 2620 382 2673 deorum
408 2620 478 2674 iram
501 2628 652 2691 propterea
671 2623 753 2674 deum
771 2620 848 2688 iram,
868 2619 986 2673 eandem
1005 2617 1147 2672 hominum
1166 2635 1207 2671 ra·

113 2686 192 2754 quod
201 2686 270 2740 vitia
283 2687 355 2741 adeo
369 2687 427 2742 late
437 2687 539 2742 diffusa
548 2695 615 2742 sunt
624 2695 652 2743 at
671 2689 753 2756 biem,
764 2689 878 2743 easdem
888 2685 1209 2740 scelerumcausasdicit

112 2753 257 2807 hominum
266 2761 374 2809 mentes
383 2761 462 2809 tanto
473 2773 558 2826 opere
570 2774 650 2811 occu·
671 2757 788 2812 Tacitus
802 2762 905 2825 postea
920 2761 949 2809 et
961 2754 1125 2825 Pompeium
1140 2753 1208 2808 Cae·

112 2827 254 2944 paverunt
275 2821 304 2876 et
323 2824 483 2878 iniecerunt
504 2831 534 2878 ut
557 2825 581 2878 si
605 2825 653 2896 qui
671 2842 817 2895 seramque
832 2831 860 2878 et
874 2824 1057 2878 Octavianum
1076 2839 1139 2876 cum
1151 2822 1208 2875 Au·

134 2890 183 2942 oni
192 2896 221 2944 et
230 2890 333 2960 integri
346 2892 501 2961 supersint,
519 2894 651 2947 resistere
670 2894 758 2961 tonio,
779 2893 899 2962 denique
920 2891 1059 2945 Othonem
1078 2898 1107 2945 ct
1119 2891 1208 2946 Vitel-

112 2956 171 3011 illis
188 2959 267 3012 nullo
284 2961 368 3013 modo
386 2961 498 3029 possint
515 2960 651 3030 ipsorum·
671 2963 726 3014 lum
737 2959 941 3014 indiscordiam
952 2961 1096 3028 egissent
1114 2958 1208 3028 Appa-

113 3042 169 3096 que
179 3026 309 3080 vitiorum
318 3028 488 3082 immensnet
496 3031 560 3098 plus
571 3046 651 3099 quam
670 3038 715 3084 ret
731 3030 818 3099 igitur
835 3030 918 3082 deum
940 3027 1010 3081 iram
1032 3044 1095 3081 esse
1118 3027 1208 3096 ipsam

112 3094 238 3148 humana
246 3094 288 3147 vis
298 3096 504 3166 essevideatur,
512 3114 651 3168 quaeeam
671 3098 748 3152 illam
761 3097 902 3151 bominum
916 3095 1036 3162 rabiem,
1057 3111 1129 3164 quae
1160 3112 1208 3148 uo·

112 3163 205 3232 ipsam
219 3163 257 3216 ob
277 3179 391 3218 oausam
406 3164 531 3219 divinas
551 3167 652 3234 pellari
671 3166 745 3219 niam
768 3172 911 3235 tamquam
932 3163 1047 3217 morbus
1073 3113 1209 3232 pestilens

112 3231 216 3300 potuit.
250 3231 352 3302 Itaque
371 3232 504 3286 Seianum
523 3184 594 3287 <ficit
610 3233 651 3286 in·
671 3235 818 3288 universos
844 3231 961 3300 invasit,
995 3231 1131 3299 paulatim
1158 3248 1208 3285 eos

112 3305 201 3421 fiante
214 3300 343 3367 potentia
360 3302 479 3369 potitum
498 3301 564 3354 dum
580 3319 653 3356 unus
691 3319 783 3372 noque
795 3299 960 3380 corrumpit,
977 3299 1025 3369 qui
1035 3299 1103 3353 boui
1113 3315 1221 3368 super-N

130 3366 259 3421 'iberiurn
273 3367 326 3422 sibi
339 3374 430 3423 totum
445 3369 582 3439 devinxit,
600 3390 653 3423 non
671 3320 797 3438 iueranu
815 3369 895 3422 nulla
908 3368 993 3436 igitur
1007 3367 1036 3419 in
1046 3367 1101 3420 hoc
1115 3377 1158 3420 est
1167 3383 1208 3419 ro·

113 3445 167 3488 tam
184 3437 302 3488 sollertia
329 3439 441 3507 (qnippe
458 3440 538 3491 adem
555 3441 653 3492 ortibus
672 3438 842 3509 pugnantia,
862 3436 939 3505 quod
953 3435 1052 3488 eadem
1071 3436 1153 3487 deum
1167 3433 1210 3486 ira

113 3506 195 3557 vicem
204 3511 267 3570 est),
282 3522 360 3585 quam
369 3507 529 3560 deamo-ain
538 3525 592 3561 rem
600 3509 652 3560 Ro·
672 3514 700 3561 et
709 3506 810 3560 ulcisci
818 3505 908 3558 malos
919 3507 948 3557 et
961 3502 1056 3555 facere
1070 3501 1160 3555 malos
1169 3501 1209 3554 in-

112 3589 232 3637 monam,
248 3591 322 3625 curm
331 3575 396 3642 pari
407 3576 482 3627 exitio
495 3576 575 3644 vipuit
590 3577 652 3628 cen'-
671 3575 816 3654 tellegitur
824 3578 923 3641 estque
931 3569 1137 3623 simuletcausa
1146 3586 1209 3637 pra·

112 3643 250 3710 laquem
276 3640 386 3694 scilicet
397 3641 521 3696 breviter
535 3643 653 3696 Tacitus
672 3642 766 3696 vitatis
786 3647 815 3695 et
832 3639 1007 3704 effectus31³l
1024 3653 1117 3706 neque
1136 3637 1209 3691 enim

112 3715 142 3762 et
156 3724 260 3777 magna
273 3708 412 3778 gravitate
428 3710 550 3778 speciem
563 3711 652 3780 magis
672 3711 769 3763 mirum
785 3715 842 3776 est,
861 3707 937 3777 quod
956 3721 1018 3758 oum
1032 3706 1111 3760 nulla
1124 3706 1208 3760 bonis

111 3776 153 3830 rci
164 3793 248 3845 quam
258 3776 405 3830 veritatem
415 3777 571 3846 significan
591 3796 652 3832 cum
679 3802 824 3841 -—,-

112 3844 188 3897 enim
198 3844 652 3901 sollertiaSeianinontantafue·
696 3833 734 3922 {³⁶
752 3830 809 3868 ΗΜ·
821 3830 848 3876 ¹¹¹
860 3830 892 3867 ³⁸·

110 3913 196 3981 r·it,ut
204 3929 263 3965 non
271 3912 376 3967 maiore
387 3914 514 3968 sollertia
523 3915 597 3968 victa
608 3915 652 3984 sit,
671 3886 721 3996 2131113
723 3881 926 3980 inggifsmeetfflsiee‘vis
935 3881 986 3971 iilos
992 3888 1071 3971 veiri'e'nn
1069 3880 1210 3981 ssgufrrsfflerrit

136 4035 175 4073 13³
193 4035 251 4074 illst.
261 4035 278 4080 l,
289 4036 309 4074 3,
323 4034 463 4076 Hoffmeister
471 4047 519 4087 pag.
526 4038 563 4078 109
569 4047 615 4087 sqq.
672 3983 1209 4084 ξιιίῑεῗὶξιῖςῃίέεθιξιᾛιῗέἔιῗιἮὲξΐίἒὲῗιξῗιὲῧίὼίιιιίἓεῗῑ

136 4088 175 4125 134
192 4086 251 4124 illst.
261 4086 300 4133 Ill,
311 4088 343 4126 72.
672 4089 724 4137 ipsis
738 4088 823 4135 quidem
836 4086 899 4126 rebus
912 4089 978 4134 gestis
991 4086 1101 4125 narrandis
1115 4088 1136 4124 ct
1145 4086 1208 4124 aesti-

136 4139 175 4176 135
193 4138 252 4177 Anu.
263 4138 300 4186 lv,
311 4138 331 4176 l.
673 4139 755 4178 mandis
765 4138 845 4177 nullam
855 4140 967 4178 veritatem
977 4137 1114 4185 concesserit,
1128 4137 1166 4177 sed
1175 4137 1209 4176 cul
