2760 4874
124 363 185 430 138
470 370 653 429 CORNELII
666 370 799 427 TACITI

1043 476 1066 506 ι
1076 479 1100 508 u.
1110 470 1154 509 rra.

120 536 142 600 ii
153 533 231 615 dum
240 532 361 600 eminus
375 529 608 618 grassabantur,
623 529 731 595 erebra
744 538 775 594 et
783 529 882 595 inulta
890 531 1025 598 vulnera
1032 534 1154 602 fecere:

120 629 248 715 propius
271 626 449 692 incedentes
471 625 633 710 eruptione
655 624 760 689 subita
785 624 900 690 turbati
921 637 999 692 sunt
1020 629 1155 715 recepti-

120 743 181 806 que
200 721 341 787 suhsidio
361 717 558 806 Sugambrae
575 718 724 794 cohortis,
748 740 843 803 quam
861 719 1028 787 Romanus
1046 744 1155 808 prom·

119 825 207 903 ptam
224 816 265 880 ad
277 814 416 900 pericula
432 834 490 877 nee
503 812 606 878 minus
624 818 774 877 cantuum
791 822 823 878 et
840 836 1000 880 armorum
1013 816 1154 887 tumultu

120 922 239 975 trucem
257 908 342 975 haud
358 906 492 993 procul
483 915 681 973 mstruxerat.
822 938 828 947 ·

79 1025 101 1072 ιε
184 1003 351 1070 Translata
368 1002 481 1066 dehinc
498 1011 602 1066 eastra
623 1000 746 1066 hostem
762 1010 902 1087 propter,
922 950 1044 1069 relictis
1067 1006 1153 1090 apud

118 1100 222 1185 priora
243 1097 436 1164 munimenta
453 1094 628 1160 Threcibus
650 1116 730 1179 quos
752 1094 844 1160 nohis
865 1095 1008 1161 adfuisse
1030 1118 1152 1163 memo-

119 1193 200 1270 ravi,
227 1193 328 1275 iisque
349 1190 539 1277 permissum
560 1199 699 1267 vastare,
726 1211 831 1266 urere,
858 1189 980 1256 trahere
1002 1193 1150 1278 praedas,

118 1289 194 1352 dum
211 1286 370 1372 populatio
387 1284 491 1349 lucem
507 1284 588 1348 intra
605 1283 765 1349 sisteretur
780 1292 967 1369 noctemque
983 1284 1019 1351 in
1037 1286 1149 1353 eastris

119 1391 218 1446 tutam
239 1390 271 1445 et
292 1379 420 1465 vigilem
446 1386 659 1463 capesserent3
686 1377 719 1441 id
743 1377 845 1463 primo
871 1387 1047 1450 servatumz
1073 1403 1148 1445 mox

118 1474 201 1540 versi
219 1474 252 1538 in
268 1473 379 1538 luxum
396 1481 427 1536 et
444 1471 541 1556 raptis
559 1470 699 1556 opulenti
716 1471 858 1536 omittere
875 1471 1037 1550 stationes,
1055 1472 1148 1539 lasei-

117 1569 169 1632 m'a
182 1567 344 1652 epularum
361 1575 416 1631 aul
429 1586 539 1631 somno
557 1575 589 1629 et
605 1565 679 1630 vino
692 1563 906 1650 procumbere.
928 1565 1027 1652 igitur
1039 1566 1147 1634 hostes

119 1662 238 1726 incuria
255 1683 362 1725 eorum
376 1668 523 1745 conperta
540 1658 603 1723 duo
616 1658 742 1745 agmina
758 1667 879 1743 parant,
897 1680 1033 1743 quorum
1050 1660 1147 1727 altero

116 1755 315 1840 populatores
329 1754 558 1830 invaderentur,
577 1753 629 1818 alii
642 1762 745 1818 eastra
757 1752 902 1818 Romana
918 1753 1146 1841 adpugnarent‚

117 1870 180 1913 non
198 1869 254 1933 spe
272 1847 429 1933 capiendi,
453 1847 510 1912 sed
528 1856 562 1911 ut
583 1847 732 1923 clamore,
756 1846 852 1924 telis,.
863 1869 922 1913 suo
938 1848 1075 1933 quisque
1092 1872 1148 1936 pe-

116 1941 214 2007 riculo
226 1942 364 2007 intentus
378 1963 523 2006 sonorem
536 1941 663 2006 alterius
677 1941 786 2027 proelii
799 1962 863 2005 non
876 1941 1047 2027 acciperet3
1062 1953 1147 2008 tene·
1217 1949 1223 1958 ’

117 2035 191 2101 brae
212 2036 340 2121 insuper
361 2035 500 2101 delectae
522 2035 699 2121 aagendam
716 2035 758 2099 ad
779 2034 987 2101 formidinem.
1015 2037 1076 2103 sed
1092 2037 1146 2121 qui

116 2130 234 2194 vallum
255 2128 644 2220 legionumltemplabanh
672 2129 764 2194 facile
785 2129 957 2214 pelluntur3
985 2130 1145 2197 Threcum

117 2224 233 2289 auxilia
254 2225 416 2310 repentino
437 2223 566 2288 incursu
586 2223 706 2300 territa,
728 2245 801 2288 eum
822 2245 896 2309 pars
917 2224 1144 2291 munitionibus

117 2319 307 2395 adiacerent,
329 2318 435 2403 plures
453 2326 541 2383 extra
557 2317 750 2402 palarentur,
773 2326 859 2382 tanto
875 2316 1031 2383 infensius
1050 2320 1143 2397 caesi,

117 2421 234 2495 quanto
246 2411 398 2499 perfugae
416 2421 447 2476 et
460 2411 633 2496 proditores
646 2411 728 2476 ferre
742 2434 829 2476 arma
845 2411 887 2476 ad
904 2434 998 2480 suum
1010 2413 1145 2498 patriae-

116 2529 177 2590 que
196 2507 357 2572 servitium
374 2505 607 2571 incusabantur.

79 2620 98 2667 ,9
179 2600 313 2666 Postera
330 2601 381 2665 die
401 2599 544 2666 Sabinus.
557 2600 726 2664 exereitum
746 2621 846 2684 aequo
863 2599 932 2664 leco
951 2601 1098 2678 ostendit,
1118 2601 1144 2666 si

117 2692 240 2758 barbari
254 2715 403 2759 successu
415 2695 516 2759 noctis
530 2695 647 2759 alacres
661 2692 814 2778 proelium
826 2693 990 2771 auderent3
1009 2703 1041 2758 et
1058 2704 1144 2781 post·

116 2807 212 2867 quam
234 2786 362 2850 castello
381 2797 435 2850 aut
452 2788 626 2853 coniunctis
644 2787 772 2852 tumulis
789 2809 854 2851 non
871 2787 1142 2872 degrediehantur‚

117 2877 273 2943 obsidium
296 2881 397 2964 coepit
418 2902 474 2964 per
495 2881 664 2965 praesidia,
691 2903 772 2964 quac
794 2889 967 2965 opportune
988 2881 1054 2946 iam
1075 2906 1144 2946 mu-

116 2970 235 3049 niebat3
259 2972 332 3036 dein
353 2972 473 3037 fossam
495 2975 685 3058 loricamque
707 2984 876 3039 contexens
893 2983 1042 3056 quattuor
1058 2975 1144 3038 milia

116 3086 268 3150 passuum
285 3065 406 3131 ambitu
427 3068 589 3152 amplexus
608 3077 665 3133 est.
697 3077 765 3133 turn
782 3067 947 3153 paulatim,
971 3077 1006 3132 ut
1029 3091 1143 3151 aquam

116 3160 329 3245 pabulumque
347 3161 492 3246 eriperet,
512 3163 693 3227 contrahere
711 3163 847 3227 claustra
864 3171 993 3245 artaque
1011 3162 1142 3227 circum·

116 3255 204 3332 dare3
227 3265 258 3319 et
276 3255 454 3320 struebatur
470 3279 582 3342 agger,
605 3257 688 3321 unde
707 3279 797 3334 saxa,
816 3256 940 3333 hastae,
964 3256 1055 3342 ignes
1072 3278 1143 3342 pro-

115 3350 266 3435 pinquum
285 3350 348 3414 iam
365 3350 398 3414 in
414 3351 538 3415 hostem
555 3351 742 3415 iacerentur.
760 3351 818 3416 sed
836 3350 913 3413 nihil
931 3371 1030 3432 aeque
1048 3372 1142 3432 quam

117 3444 183 3509 sitis
198 3444 360 3530 fatigabat,
379 3467 452 3509 eum
469 3445 580 3530 ingens
594 3445 761 3509 multitudo
778 3444 964 3509 bellatorum
980 3443 1142 3508 inbellium

115 3560 178 3602 uno
200 3538 320 3621 reliquo
346 3538 433 3603 fonte
458 3548 632 3616 uterentur3
659 3538 814 3622 simulque
836 3546 990 3613 armenta,
1017 3547 1053 3600 ut
1074 3554 1141 3602 mes

115 3632 265 3710 barbaris,
285 3632 372 3697 iuxta
390 3633 505 3710 clausa,
524 3641 663 3718 egestate
676 3632 784 3717 pabuli
797 3631 987 3708 exanimari3
1001 3631 1141 3696 adiacere

115 3748 245 3811 corpora
270 3726 447 3804 hominurn,
474 3749 553 3810 quos
579 3725 723 3804 vulnera,
751 3748 830 3809 quos
859 3726 926 3790 sitis
952 3733 1140 3810 peremerat3

115 3820 212 3903 pollui
238 3829 350 3885 cuneta
376 3820 476 3898 sanie,
503 3821 612 3899 odore,
640 3830 794 3886 contactu.
826 3819 983 3902 rebusque
1010 3817 1140 3883 turbatis

116 3912 233 3976 malum
251 3924 424 3979 extremum
442 3916 596 3983 discordia
613 3915 759 3992 accessit,
781 3915 831 3979 his
850 3914 1053 3990 deditionem,
1073 3911 1139 3977 aliis

117 4016 248 4071 mortem
265 4018 297 4072 et
314 4019 439 4075 mutuos
456 4011 537 4076 inter
558 4033 593 4076 se
611 4011 691 4076 ictus
713 4010 910 4097 parantibus3
933 4018 1070 4074 sterant
1086 4007 1139 4090 qui

79 4109 99 4157 ιο
117 4120 181 4162 non
205 4100 338 4166 inultum
364 4104 493 4169 exitium
520 4106 576 4170 sed
607 4106 800 4191 eruptionem
827 4105 1002 4170 suaderent.
1038 4122 1138 4186 neque

127 4270 413 4551 N.
