2760 4874
300 142 311 153 ¹
348 150 352 165 ·.

341 166 346 175 .

260 412 321 478 158
605 420 789 484 OQRNELII
802 420 930 477 TACI'I'I

1175 523 1196 552 ι.
1206 525 1229 553 u.
1240 516 1284 555 ιιι.

258 591 389 669 urgente
414 577 560 665 Agrippa
587 575 780 661 Sanquinius
805 578 982 657 Maximus,
1009 600 1027 644 e
1053 579 1285 660 consularibus,

258 676 358 742 oravit
380 683 523 742 sonatum
544 694 584 736 ne
606 694 696 737 curas
722 672 918 758 imperatoris
945 673 1128 757 conquisitis
1154 674 1287 760 insuper

258 766 477 834 acerbitatibus
487 776 650 852 augerent:
665 765 809 832 sufficere
822 767 927 852 ipsum
941 767 1114 832 statuendis
1123 769 1284 834 remediis.

259 864 304 928 sic
317 861 440 948 Regulo
458 861 542 926 salus
560 870 592 924 et
605 859 713 924 Trioni
731 860 837 925 dilatio
855 861 942 925 exitii
954 861 1110 947 quaesita:
1128 859 1285 929 Haterius

257 957 386 1025 invisior
398 955 467 1033 fnit,
486 955 559 1038 quia
573 976 683 1019 somno
697 965 751 1019 aut
762 954 938 1021 libidinosis
952 955 1066 1041 vigiliis
1078 955 1240 1021 marcidus
1254 967 1286 1022 et

257 1050 299 1116 ob
322 1048 485 1136 segnitiam
507 1048 651 1132 quamvis
677 1048 835 1114 crudelem
856 1044 1028 1135 principem
1050 1071 1115 1114 non
1137 1059 1284 1116 metuens

256 1142 440 1209 inlustribus
458 1142 533 1207 viris
553 1141 723 1228 perniciem
744 1142 826 1208 inter
846 1164 980 1229 ganeam
1002 1163 1040 1207 ao
1057 1152 1168 1228 stupra
1184 1144 1285 1209 medi·

257 1238 390 1303 tabatur
1095 1287 1100 1299 .

208 1338 238 1384 11
321 1330 417 1395 Exim
436 1328 531 1394 Cotta
547 1328 749 1407 Messalinus,
769 1329 970 1394 saevissimae
988 1329 1140 1413 cuiusque
1159 1337 1286 1397 senten-

211 1401 279 1450 (ὁ)
259 1425 320 1489 tiae
337 1432 445 1488 auctor
462 1444 562 1507 eoque
580 1423 752 1487 inveterata
769 1423 899 1501 invidia,
923 1422 978 1488 nbi
993 1423 1129 1533 primum
1147 1422 1283 1488 faoinltas

258 1519 344 1594 data,
363 1517 504 1603 arguitur
520 1516 683 1602 pleraque:
708 1514 822 1581 Gaiam
841 1516 1011 1593 Caesarem
1032 1517 1126 1601 quasi
1144 1517 1284 1583 incertae

256 1611 424 1687 virilitatis,
456 1619 488 1676 et
513 1632 586 1676 cum
609 1610 660 1675 die
686 1610 784 1675 natali
805 1608 971 1697 Augustae
996 1610 1077 1675 inter
1103 1610 1284 1677 sacerdotes

257 1705 447 1790 epularetur,
471 1699 688 1768 novendialem
712 1725 909 1769 camoenam
927 1704 1059 1782 dixisse3
1085 1725 1285 1788 querensque

256 1798 296 1862 de
313 1797 453 1883 potentia
465 1796 521 1861 Μ’.
535 1797 651 1882 Lepidi
669 1820 706 1863 ac
719 1798 760 1862 L.
770 1796 923 1876 Arruntii,
942 1820 1014 1863 cum
1027 1797 1142 1882 quibus
1161 1797 1285 1864 obrem

256 1890 467 1978 pecuniariam
480 1890 683 1976 disceptabat,
703 1891 875 1957 addidisse:
896 1891 985 1971 „illos
998 1892 1284 1975 quidemsenatus,
1348 1941 1350 1944 ι

257 2007 308 2050 me
325 1994 430 2050 autem
447 1983 583 2049 tuebitur
600 1984 777 2051 Tiberiolus
795 1989 914 2051 meus.“
933 2007 1034 2069 neque
1052 1993 1167 2051 cuncta
1183 2009 1203 2050 a
1219 1985 1285 2070 pri·

256 2078 396 2144 moribus
418 2078 552 2144 civitatis
573 2078 803 2156 revincebatur,
830 2079 932 2163 iisque
953 2077 1141 2145 instantibus
1160 2079 1204 2144 ad
1223 2079 1284 2147 im·

256 2182 430 2259 peratorem
446 2171 639 2257 provocavit:
662 2194 720 2238 nec
738 2172 837 2237 multo
853 2182 927 2258 post
946 2173 1066 2244 litterae
1087 2171 1282 2250 adferuntur,

257 2267 371 2352 quibus
387 2267 421 2331 in
438 2267 567 2332 modum
584 2266 786 2344 defensionis,
804 2267 935 2352 repetito
952 2266 1032 2331 inter
1050 2288 1084 2331 se
1096 2274 1193 2350 atque
1207 2264 1284 2333 Oota

257 2372 322 2426 tam
340 2361 493 2426 amicitiae
510 2360 662 2447 principio
680 2360 859 2445 crebrisque
877 2361 944 2426 eius
958 2359 1071 2426 officiis
1087 2382 1284 2425 commemo-

256 2455 346 2531 ratis,
369 2477 409 2520 ne
428 2454 523 2520 verba
539 2477 636 2563 pravo
653 2454 774 2519 detorta
795 2477 858 2519 neu
874 2453 1085 2519 convivalium
1101 2452 1283 2519 fabularum

258 2549 466 2634 simplicitas
457 2572 492 2612 ιιι
508 2549 625 2613 crimen
642 2549 807 2614 <luceretur
823 2549 1002 2706 postulavliit.

208 2655 239 2769 ιι
322 2642 498 2728 Insigne
468 2664 572 2706 v1sum
590 2651 638 2706 est
660 2664 767 2707 earum
786 2641 977 2708 Caesarisli
978 2652 1126 2706 tterarum
1143 2641 1283 2719 initium3

208 2720 335 2799 l‘l-nam
347 2735 396 2799 his
415 2735 519 2800 verbis
538 2758 668 2801 exorsus
691 2747 752 2801 est:
781 2737 876 2820 „quid
895 2735 1029 2801 scribam
1046 2734 1151 2812 vobis,
1174 2744 1282 2820 patres

258 2830 437 2915 conscripti,
466 2839 519 2894 aut
545 2831 697 2913 quomodo
724 2831 858 2896 scribam
885 2840 939 2896 aut
965 2831 1041 2940 quid
1066 2830 1194 2895 omnino
1219 2852 1284 2894 non

258 2921 392 2988 scribam
409 2924 499 2987 hoct
486 2933 635 3008 t,empore
654 2924 686 2987 di
703 2947 754 2988 me
773 2925 911 3054 deaeque
928 2925 1018 3010 peius
1035 2924 1169 3009 perdant
1186 2945 1283 3007 quam

256 3016 356 3101 perire
378 3038 428 3081 me
455 3017 567 3082 cotidie
590 3018 702 3096 sentio,
731 3019 758 3082 si
785 3019 884 3084 scio“:
915 3020 995 3084 adeo
1021 3018 1161 3083 facinora
1187 3026 1305 3100 atque

256 3111 375 3197 flagitia
401 3134 459 3177 sua
483 3111 544 3196 ipsi
566 3134 691 3195 quoque
717 3112 758 3176 in*
777 3113 965 3198 supplicium
986 3121 1151 3177 verterant.
1178 3133 1283 3195 neque

256 3205 373 3270 frustra
389 3207 675 3290 praestantissimus
694 3207 863 3292 sapientiae
885 3207 1008 3272 firmare
1031 3206 1149 3274 solitus,
1164 3215 1228 3283 est,
1256 3205 1284 3270 si

256 3299 456 3365 recludantur
473 3309 676 3386 tyrannorum
697 3309 831 3377 mentes,
858 3323 952 3385 posse
974 3299 1073 3386 aspici
1093 3299 1230 3364 laniatus
1251 3307 1284 3363 et

256 3395 347 3471 ictus,
366 3395 502 3477 quando,
521 3402 556 3458 ut
573 3415 704 3478 corpora
717 3393 908 3472 verberibus,
926 3395 970 3460 ita
985 3394 1123 3470 saevitia,
1141 3392 1283 3469 libidine,

256 3488 347 3553 malis
365 3488 515 3553 consultis
534 3489 656 3553 animus
678 3487 875 3553 dilaceretur:
899 3489 1014 3574 quippe
1033 3486 1196 3553 Tiberium
1218 3481 1284 3552 non

256 3581 391 3691 fprtuna,
409 3604 474 3647 non
493 3582 675 3646 solitudines
692 3581 899 3671 protegebant
915 3584 993 3666 quin
1009 3591 1163 3648 tormenta
1174 3591 1284 3666 pecto·

257 3677 299 3741 ris
319 3698 454 3760 suasque
471 3677 539 3761 ipse
556 3698 677 3762 poenas
691 3675 849 3741 fateretur

209 3775 240 3822 13
324 3771 408 3836 Tum
425 3771 510 3836 sacta
526 3770 668 3856 patribus
685 3779 841 3856 potestate
863 3770 1019 3836 statuendi
1040 3770 1080 3834 de
1099 3767 1283 3834 Caeciliano

211 3842 240 3890 (⁷)
259 3874 414 3943 senatore,
433 3865 639 3951 qu1plurima
655 3866 822 3933 adversum
842 3864 969 3944 Cottam
985 3872 1195 3950 prompserat,
1215 3863 1283 3949 pla

257 3959 354 4023 citum
371 3960 503 4025 eandem
518 3981 653 4044 poenam
665 3960 801 4046 inrogari
813 3982 908 4043 quam
921 3960 955 4024 in
968 3958 1141 4024 Aruseium
1154 3967 1186 4021 et
1200 3955 1283 4023 San·

258 4052 413 4134 quinium,
436 4063 632 4121 accusatores
650 4055 692 4119 L.
710 4053 866 4133 Anuntii3
889 4076 952 4139 quo
974 4077 1037 4119 non
1055 4052 1140 4118 aliud
1157 4050 1283 4116 honori-

256 4145 399 4211 ficentius
418 4145 531 4212 Cottae
549 4148 665 4226 evenit,
683 4149 738 4232 qui
754 4148 867 4227 nobilis
884 4149 1025 4233 quidem,
1049 4147 1105 4212 sed
1123 4167 1222 4231 egens
1240 4143 1282 4210 ob
