2760 4874
386 381 594 440 nuunnruu
610 381 684 437 nm.
698 381 777 437 xiv.
795 359 913 439 ιι-ιι.
1068 322 1161 434 *265

153 506 158 518 .
170 477 210 517 ch.
221 477 253 516 60.

137 491 151 589 p
201 545 287 607 Inter
304 563 384 625 quac
403 551 433 604 et
452 540 538 604 sidus
552 548 688 603 cometes
707 539 832 617 effulsit,
852 541 891 604 de
909 563 971 624 quo
989 540 1077 628 vulgi
1091 539 1161 624 opi·
1179 559 1211 606 ιι
1328 566 1330 571 ⁴

100 626 102 631 ³
137 641 190 704 nio
208 647 256 702 est
273 646 433 719 tamquam
446 634 649 700 mutationem
666 634 750 719 regis
763 636 936 719 portendat.
959 635 1054 720 igitur
1071 634 1161 716 quasi

137 736 200 798 iam
218 731 348 815 depulso
366 729 503 804 Nerone,
526 728 671 810 quisnam
688 728 876 812 deligeretur
893 727 1111 811 anquirebant,
1131 738 1162 791 οι

137 826 278 893 omnium
304 845 357 888 ore
378 821 543 886 Rubellius
566 820 699 885 Plautus
726 821 912 899 celebratur,
940 822 997 886 cui
1016 821 1162 886 nobilitas

137 944 194 1008 per
206 944 258 987 ma
259 928 337 982 trem
351 940 391 981 ex
403 916 484 980 Iulia
498 916 715 1000 familia31pse
733 917 848 1001 placita
864 918 1016 982 maiorum
1031 916 1162 992 colebat,

138 1013 247 1080 habitu
213 1024 383 1088 tseverc,
403 1019 490 1074 easta
508 1019 539 1073 et
557 1018 656 1073 secret
657 1033 676 1073 a
644 1009 792 1088 t,domo
811 1020 908 1093 quant
909 1027 999 1109 oque
1007 1019 1070 1074 met
1071 1033 1093 1073 u
1111 1032 1163 1073 oc·

138 1108 210 1172 cult
190 1118 258 1183 ι,ιοι
278 1114 343 1169 ttan
345 1128 363 1169 o
376 1104 446 1189 plus
465 1103 567 1167 famae
581 1103 675 1187 adopt
676 1125 723 1167 us.
746 1105 833 1168 auxit
849 1126 1006 1169 rumorem
1024 1104 1092 1189 pari
1109 1127 1164 1167 va

137 1201 235 1264 nitate
257 1208 325 1264 orta
346 1198 378 1261 in
380 1206 526 1281 tterpreta
527 1197 557 1261 ιο
580 1196 730 1281 fulguris.
751 1221 824 1261 nam
842 1199 916 1281 quia
937 1197 1162 1288 discumbentis

137 1289 735 1380 NeronisapudSimburinastagnaiooill
735 1311 810 1353 ocur
799 1289 1041 1382 Sublaqueum
1049 1313 1164 1355 nomen

139 1396 201 1465 est,
220 1385 415 1469 ictaeydapes
433 1406 604 1467 mensaque
623 1384 752 1450 disiecta
770 1395 844 1462 erat,
863 1383 957 1468 idque
974 1384 1164 1453 finibusTi-

138 1482 266 1546 burtum
284 1479 452 1554 acciderat,
475 1477 558 1541 unde
575 1495 706 1562 paterna
723 1477 837 1560 Plauto
855 1478 956 1563 origo,
976 1479 1059 1541 hunc
1077 1477 1164 1541 illum

138 1574 266 1639 numine
284 1573 378 1657 deum
392 1571 544 1636 destinari
562 1571 730 1636 credebant
746 1552 895 1637 fovebant
883 1582 957 1655 tque
975 1572 1064 1636 multi
1054 1573 1165 1655 nqui-

138 1668 199 1733 bus
222 1675 353 1732 novaet
374 1665 520 1750 ancipitia
541 1654 718 1750 praecolere
740 1666 886 1731 avidat
855 1675 896 1731 et·
907 1667 1089 1760 plerumque
1106 1665 1165 1729 sal-

138 1763 192 1838 ιιι
204 1760 310 1825 ambit’
289 1770 332 1824 tro
345 1770 401 1824 est
425 1781 500 1844 ergo
513 1770 635 1867 permot
635 1783 672 1823 us
623 1751 736 1824 this
749 1759 833 1825 Nero
842 1762 1004 1846 componit
1017 1761 1057 1824 'ad
1069 1759 1165 1823 Plau·

138 1867 207 1920 tum
216 1855 345 1931 litteras,
361 1854 534 1918 consuleret
523 1853 644 1935 tquieti
657 1853 743 1918 urbis
757 1876 854 1938 seque
866 1877 964 1940 prava
977 1854 1166 1918 diffamanti-

139 1950 200 2014 bus
215 1947 286 2013 subt
287 1947 409 2011 raheret
397 1957 423 2025 t;
437 1969 507 2011 esse
520 1947 565 2010 illi
578 1969 634 2031 per
645 1947 836 2038 Asiamavit
837 1971 873 2012 os
887 1971 990 2034 agros,
1004 1933 1164 2030 inquibus

139 2052 208 2107 tuta
225 2052 256 2106 οι
271 2041 428 2105 inturbida
450 2042 577 2104 iuventa
598 2040 766 2106 frueretur:
788 2042 833 2106 ita
849 2042 923 2106 illuc
941 2043 1013 2119 cum
1030 2040 1164 2124 coniuge

138 2135 279 2201 Antistia
296 2144 327 2200 οι
343 2136 453 2220 paucis
472 2135 671 2211 familiarium
689 2137 854 2202 concessit.
938 2197 940 2202 .
1008 2196 1010 2201 ι
1095 2194 1101 2203 .

203 2229 311 2295 Isdem
329 2229 439 2294 diebus
457 2229 553 2295 nimia
574 2229 668 2319 luxus
687 2231 799 2315 cupido
816 2230 979 2294 infamiam
997 2239 1028 2294 et
1045 2229 1166 2313 pericu-

139 2325 206 2389 lum
226 2323 343 2389 Neroni
365 2323 448 2401 tulit,
472 2324 546 2407 quia
567 2323 687 2390 fontem
710 2347 809 2407 aquae
830 2324 971 2390 Marciae
994 2325 1034 2388 ad
1055 2323 1166 2388 urbem
1242 2344 1271 2385 ·.

140 2419 293 2501 deductae
318 2418 422 2482 nando
448 2419 620 2483 incesserat
640 2417 866 2502 videbaturque
878 2485 880 2490 ,
891 2429 984 2504 potus
1001 2426 1112 2482 'sacres
1128 2426 1167 2485 ‚et

140 2512 361 2577 caerimoniam
378 2511 438 2576 loci
457 2534 585 2597 corpore
602 2513 647 2578 lot
634 2521 666 2577 to
684 2513 849 2598 polluisse,
863 2523 950 2578 secut
952 2534 1032 2595 aque
1050 2518 1168 2670 anceps

139 2606 305 2671 valitudo
296 2629 375 2670 iram
392 2607 487 2670 deum
505 2606 681 2671 affirmavit.
835 2670 837 2674 Α
1006 2646 1028 2671 ·,

144 2699 251 2763 At
269 2698 408 2765 Corbulo
425 2709 498 2784 post
485 2700 596 2764 ι(ιοιοι
585 2711 617 2764 ιι
633 2699 788 2765 Artaxata
757 2711 839 2764 ttu
827 2701 956 2764 tendum
972 2698 1096 2766 recenti
1082 2660 1168 2761 ter·
1185 2716 1217 2762 23

139 2815 209 2858 rore
226 2803 274 2858 rat
275 2817 312 2858 us
262 2794 371 2858 tad
382 2794 571 2878 occupanda
585 2794 818 2881 Tigranocerta,
837 2794 951 2878 quibus
970 2791 1083 2858 excisis
1102 2815 1168 2855 me-

140 2897 208 2960 tum
229 2886 309 2952 host
289 2897 366 2950 trum
383 2887 429 2951 int
417 2888 556 2952 tenderet
573 2889 637 2966 vel,
657 2889 685 2954 si
701 2889 902 2976 pepercisset,
921 2887 1103 2953 clementiae
1120 2886 1169 2950 fa-

140 3003 226 3053 mam
244 2981 479 3066 adipisceretur,
502 2982 576 3045 illuc
592 2983 708 3068 pergit,
732 3006 794 3048 non
811 2983 935 3047 infenso
953 2982 1109 3057 exercitu,
1128 3002 1168 3043 ne

143 3096 231 3158 spem
249 3075 358 3139 veniae
376 3075 526 3153 auferret,
500 3087 651 3158 tneque
669 3086 774 3141 tamen
791 3078 923 3142 remissa
940 3085 1028 3152 cura,
1032 3064 1212 3160 ςιιιιιιᾟ

141 3167 267 3232 facilem
284 3177 406 3233 mutatu
415 3179 544 3254 gentem
562 3179 597 3241 ut
610 3191 739 3276 segpem
757 3171 798 3234 ad
815 3170 961 3255 pericula,
979 3170 1024 3233 ita
1040 3167 1168 3231 infidam

142 3260 185 3325 ad
206 3261 396 3327 occasiones.
412 3262 565 3339 barbari,
589 3285 645 3346 pro
667 3263 794 3348 ingenio
805 3264 962 3370 quisque,
985 3261 1038 3325 alii
1059 3272 1167 3344 preces

142 3342 264 3432 offerre,
283 3356 411 3438 quidam
424 3356 611 3420 deserere
582 3378 668 3420 v1cos
687 3357 767 3423 etin
785 3357 856 3421 avia
866 3355 1007 3442 digredi3
1027 3375 1064 3418 ac
1081 3353 1168 3416 fuere

142 3446 198 3529 qui
219 3469 259 3512 se
276 3449 482 3534 speluncisct
500 3449 660 3516 carissima
678 3472 785 3515 secum
807 3449 964 3514 abderent.
943 3447 1036 3532 ligi
1037 3457 1087 3515 tur
1037 3447 1168 3510 ι(ιιιιι

141 3541 305 3606 Romanus
328 3543 532 3608 diversist
484 3567 519 3611 ar
520 3544 626 3622 tibus,
644 3544 856 3610 misericordia
877 3543 1028 3609 adversus
1051 3535 1169 3625 suppli-

143 3656 210 3712 ces,
229 3635 367 3709 eeleritat
355 3647 385 3701 te
404 3640 554 3703 adversus
572 3638 769 3724 profugos,'
760 3639 836 3701 rnmi
838 3639 876 3702 tis
838 3636 944 3702 this
962 3658 1025 3719 qur
1006 3634 1168 3698 latebras

141 3718 334 3809 insederant,
308 3740 461 3797 ttorae
479 3733 585 3797 exitus
589 3755 761 3817 specuum
770 3728 941 3797 sarmentis
956 3728 1168 3815 virgultisque

143 3824 341 3932 completos
332 3827 399 3912 igni
417 3827 527 3891 exurit
551 3837 644 3909 atque
661 3825 748 3892 illum
762 3825 840 3891 fines
859 3847 933 3890 suos
951 3816 1168 3909 praegredienff

143 3918 228 3979 tem
219 3939 417 3983 meursavere
423 3919 541 3996 Mardi,
555 3918 723 3983 latrociniis
738 3920 865 3984 exerciti
878 3926 1054 4000 contraque
1058 3917 1169 3980 irrum-

142 4019 218 4093 pent
219 4032 269 4074 em
206 4011 436 4079 monubus
445 4012 580 4077 defensi
573 4033 674 4094 quos
682 4010 838 4082 Corbulo
829 4035 966 4077 mmrssrs
976 4010 1104 4075 Hiberis
1115 4033 1168 4074 va

143 4103 238 4182 stavit
255 4091 328 4170 host
315 4090 462 4191 tilemque
481 4105 714 4203 audaciamt
662 4114 714 4172 ext
716 4128 790 4172 erno
809 4107 960 4195 sanguine
978 4105 1127 4179 ultust
1080 4113 1137 4169 es
