2760 4874
382 378 589 437 nnuman
607 376 681 434 nra.
696 378 773 435 xvi
792 379 910 432 aa-ae.
942 396 944 400 ⁴
1096 366 1157 430 327
1198 454 1201 459 .

137 479 157 516 p.
170 471 210 512 Ch.
221 473 253 511 66.
700 472 708 480 ”
1017 498 1022 507 .
1169 492 1197 541 ‚⁸5

138 537 384 624 magnitudinem
398 535 628 621 imperatoriam
636 535 732 601 caede
745 534 914 620 insignium
923 534 1060 599 virorum
1069 524 1202 619 quasi-s?

138 634 224 718 regio
244 632 380 696 facinore
398 638 576 694 ostentaret.

201 725 303 811 Igitur
316 724 401 788 omni
410 723 534 787 civitate
548 724 589 787 ad
599 721 817 806 excipiendum
830 722 1002 807 principem
1017 733 1159 808 speetan-
1177 741 1210 788 24

138 820 274 902 dumque
283 840 391 904 regem
401 818 509 893 effusa,
516 816 658 881 Thrasea
667 838 798 880 occursu
807 816 981 901 prohibitus
990 839 1053 881 non
1063 819 1159 881 demi-

139 913 179 976 sit
196 912 349 989 animum,
369 912 426 975 sed
443 910 602 975 codicillos
621 911 661 974 ad
673 909 831 975 Neronem
849 911 1037 995 composuit,
1056 912 1159 994 requi-

135 1027 211 1069 rens
230 1005 352 1069 obiecta
370 1014 400 1068 et
418 1014 662 1089 expurgaturum
680 1003 882 1080 adseverans,
903 1005 930 1067 si
946 1004 1087 1067 notitiam
1100 1004 1160 1068 cri-

139 1100 259 1163 minum
277 1109 308 1162 et
325 1099 447 1183 copiam
465 1098 602 1161 diluendi
624 1097 795 1162 habuisset.
823 1119 877 1162 eos
901 1098 1057 1161 codicillos
1075 1098 1158 1162 Nero

137 1202 339 1277 properanter
360 1191 492 1275 accepit,
521 1214 577 1276 spe
600 1191 780 1254 exterritum
798 1191 972 1254 Thraseam
995 1191 1158 1275 scripsisse

136 1308 193 1370 per
209 1307 290 1368 quae
308 1285 524 1349 claritudinem
537 1285 687 1369 principis
702 1285 862 1349 extolleret
876 1306 1027 1367 suamque
1041 1285 1158 1349 famam

137 1379 368 1457 dehonestaret3
387 1379 471 1461 quod
488 1377 543 1441 ubi
560 1401 624 1442 non
641 1378 757 1454 evenit,
780 1378 963 1460 vultumque
982 1386 1012 1443 et
1031 1378 1156 1463 spiritus

137 1485 168 1538 et
185 1473 358 1537 libertatem
376 1473 508 1537 insontis
526 1472 607 1538 ultro
625 1473 776 1549 extimuit,
794 1473 900 1537 vocari
917 1481 1020 1556 patres
1038 1471 1134 1536 iubet.

200 1567 285 1631 Tum
302 1567 444 1631 Thrasea
460 1567 540 1630 inter
556 1567 716 1652 proximos
735 1566 935 1643 consultavit,
954 1575 1157 1651 temptaretne
1176 1584 1208 1630 25

137 1661 351 1725 defensionem
373 1685 414 1725 aa
436 1671 603 1746 sperneret.
631 1661 756 1726 diversa
772 1660 902 1725 consilia
924 1661 1156 1726 adferebantur:

138 1754 252 1837 quibus
270 1755 378 1819 intrari
396 1756 515 1819 curiam
531 1755 683 1840 placebat,
704 1778 829 1820 securos
849 1778 919 1821 esse
934 1757 972 1820 de
986 1757 1159 1822 constantia

137 1848 204 1911 eius
226 1848 396 1926 disserunt3
423 1848 501 1911 nihil
523 1849 677 1912 dicturum
699 1849 760 1912 nisi
782 1871 843 1931 quo
866 1850 997 1934 gloriam
1014 1861 1157 1936 augeret3

138 1961 251 2025 segnes
278 1949 309 2003 et
334 1940 466 2024 pavidos
494 1942 648 2024 supremis
676 1942 741 2004 suis
769 1952 932 2016 secretum,
951 1943 1156 2007 circumdare:

138 2033 290 2118 aspiceret
310 2033 445 2118 populus
467 2034 570 2098 virum
596 2035 688 2099 morti
713 2035 855 2112 obvium,
883 2036 1005 2100 audiret
1031 2045 1157 2100 senatus

137 2148 230 2192 voces
248 2127 340 2210 quasi
357 2149 397 2190 ex
414 2126 518 2209 aliquo
537 2128 663 2192 numine
682 2151 777 2213 supra
793 2128 961 2206 humanas3
979 2151 1074 2214 posse
1087 2129 1157 2213 ipso

137 2219 285 2284 miraculo
304 2219 397 2283 etiam
406 2220 563 2284 Neronem
578 2222 767 2306 permoveri:
786 2221 835 2285 sin
849 2222 1023 2286 crudelitati
1035 2223 1158 2286 insiste-

137 2323 193 2391 ret,
215 2313 366 2399 distingui
384 2326 465 2378 certe
484 2316 568 2399 apud
584 2325 726 2399 posteros
748 2315 931 2379 memoriam
952 2315 1076 2380 honesti
1093 2315 1158 2378 exi-

137 2418 188 2470 tus
206 2406 245 2470 ab
263 2407 390 2492 ignavia
406 2429 463 2492 per
480 2408 637 2471 silentium
654 2409 859 2493 pereuntium.

202 2499 329 2578 Contra,
340 2502 393 2583 qui
408 2502 631 2586 opperiendum
640 2503 725 2566 domi
734 2502 911 2583 censebant,
931 2503 969 2566 de
979 2502 1048 2587 ipso
1058 2502 1158 2567 Thra·
1176 2516 1208 2564 ‘26

139 2615 193 2659 sea
209 2593 332 2658 eadem:
352 2595 409 2658 sed
425 2595 559 2681 ludibria
577 2606 608 2660 et
620 2596 824 2660 contumelias
841 2597 1003 2660 imminere
1009 2621 1017 2674 3
1037 2596 1158 2660 subtra-

138 2687 225 2768 heret
242 2711 333 2753 aures
352 2690 499 2754 conviciis
519 2699 549 2754 et
569 2690 701 2775 probris.
724 2713 787 2755 non
811 2691 914 2755 solum
933 2688 1159 2757 Cossutianum

139 2791 193 2846 aut
214 2781 348 2866 Eprium
370 2784 411 2846 ad
434 2783 536 2859 scelus
562 2794 737 2869 promptos:
765 2807 931 2870 superesse
952 2784 1006 2868 qui
1028 2784 1159 2848 forsitan

138 2899 250 2940 manus
271 2877 413 2961 ictusque
436 2900 491 2962 per
517 2878 744 2944 immanitatem
770 2874 929 2965 adgesturi
955 2883 1028 2958 siat3
1065 2878 1159 2942 etiam

138 2968 236 3034 bonos
254 2981 340 3034 metu
359 2973 460 3054 sequi:
480 2972 654 3036 detraheret
671 2973 774 3057 potius
793 2974 923 3049 senatui,
943 2995 1036 3055 quem
1054 2995 1159 3059 peror-

45 3064 48 3071 '
138 3063 289 3139 novisset,
316 3064 480 3128 infamiam
493 3056 583 3128 ¹tanti
605 3066 715 3150 flagitii
737 3076 768 3129 et
789 3066 975 3148 relinqueret
996 3067 1156 3135 incertum,

137 3156 214 3238 quid
226 3156 293 3219 viso
308 3154 449 3220 Thrasea
461 3179 514 3221 reo
528 3159 679 3222 decreturi
692 3168 797 3242 patres
810 3158 934 3221 fuerint.
957 3167 992 3220 ut
1003 3157 1159 3222 Neronem

138 3248 325 3334 flagitiorum
342 3250 442 3333 pudor
456 3259 588 3333 caperet,
607 3251 699 3314 inrita
713 3273 769 3334 spe
782 3251 901 3335 agitari,
921 3250 1079 3333 multoque
1093 3274 1159 3314 ma-

138 3347 186 3432 gis
196 3347 367 3410 timendum
375 3369 415 3411 ne
424 3347 458 3410 in
466 3347 641 3432 coniugem,
659 3346 861 3423 infamiliam,
876 3347 1019 3410 incetera
1027 3346 1158 3430 pignora

139 3441 205 3505 eius
224 3441 369 3506 saeviret:
388 3441 517 3525 proinde
531 3441 741 3517 intemeratus,
761 3441 940 3525 inpollutus‚
959 3462 1093 3523 querum
1105 3462 1159 3502 ve-

139 3534 238 3619 stigiis
257 3545 288 3599 et
306 3536 416 3600 studiis
430 3535 527 3598 vitam
540 3535 671 3611 duxerit,
691 3558 798 3599 eorum
811 3535 911 3620 gloria
924 3542 1042 3618 peteret
1053 3533 1156 3596 finem.

201 3627 322 3692 Aderat
339 3628 468 3692 consilio
484 3628 633 3692 Rusticus
646 3628 816 3704 Arulenus,
834 3628 970 3713 flagrans
988 3627 1109 3690 iuvenis
1128 3636 1159 3690 et

139 3721 283 3804 cupidine
296 3722 396 3785 laudis
407 3721 556 3786 offerebat
565 3744 599 3786 se
612 3723 854 3786 intercessurum
865 3732 991 3786 senatus
1002 3721 1157 3785 consulto:

139 3838 211 3877 narn
223 3814 307 3898 plebi
320 3814 461 3880 tribunus
476 3825 549 3879 erat.
569 3815 707 3880 cohibuit
725 3816 850 3900 spiritus
869 3816 936 3880 eius
951 3815 1100 3892 Thrasea,
1118 3838 1158 3878 ne

139 3929 220 3970 vana
237 3916 268 3970 et
284 3930 337 3972 reo
355 3931 418 3972 non
435 3908 611 3993 profutura,
630 3910 828 3974 intercessori
846 3909 978 3974 exitiosa
995 3909 1156 3993 inciperet3

140 3997 199 4061 sibi
208 4008 308 4063 actam
318 4011 461 4078 aetatem,
472 4011 503 4065 et
511 4012 556 4066 tot
565 4025 621 4086 per
630 4025 726 4066 annos
739 4003 917 4068 continuum
927 4003 1009 4067 vitae
1018 4003 1158 4067 ordinem

138 4112 201 4155 non
215 4092 433 4158 deserendum:
452 4095 497 4158 illi
510 4095 632 4160 initium
645 4096 883 4181 magistratuum
897 4105 927 4160 et
940 4097 1061 4182 integra
1078 4119 1157 4180 quae

140 4185 303 4270 supersint.
322 4188 455 4252 multum
468 4199 539 4255 ante
553 4211 660 4255 seeum
674 4190 959 4277 expenderet'quod
973 4192 1026 4256 tali
1039 4192 1072 4255 in
1081 4201 1158 4256 tern-

1346 328 1369 451 t
