2760 4874
201 364 262 430 186
549 371 732 433 CORNELII
745 368 876 426 raclrl

1118 469 1138 500 ι.
1148 469 1170 499 n.
1180 460 1225 500 see

198 533 253 601 sed
267 531 448 597 claritudine
462 551 579 615 paucos
593 529 672 593 inter
685 550 795 593 senum
808 549 928 613 regum,
948 526 976 592 si
991 526 1125 612 perinde
1142 550 1228 592 amo-

198 651 264 693 rem
281 628 361 691 inter
382 624 549 710 populares
571 646 666 707 quam
688 633 807 687 metum
825 621 909 707 apud
926 621 1035 686 hostes
1052 621 1229 705 quaesivis-

199 731 255 787 set.
277 742 354 785 nece
365 718 519 785 Vardanis
534 716 673 782 turbatae
686 715 874 782 Parthorum
892 737 942 779 res
956 715 1037 780 inter
1049 714 1227 800 ambiguos,

198 815 269 899 quis
291 814 324 879 in
345 836 477 899 regnum
504 812 709 968 acciperetur:
736 809 826 873 multi
852 809 893 874 ad
915 806 1078 882 Gotarzen
1099 808 1230 873 inclina-

199 907 288 985 bant,
315 907 442 990 quidam
465 904 506 969 ad
523 904 579 971 Me
602 904 744 979 erdaten,
771 901 891 987 prolem
913 900 1077 979 Phraatis,
1105 901 1230 967 obsidio

198 1001 289 1067 nobis
306 1001 428 1065 datum:
446 999 519 1064 dein
531 997 704 1083 praevaluit
718 994 883 1074 Gotarzes,
901 996 1084 1082 potitusque
1095 995 1229 1082 regiam,

198 1118 255 1181 per
272 1094 433 1159 saevitiam
451 1115 488 1158 ac
505 1092 615 1157 luxum
637 1091 744 1177 adegit
760 1089 896 1156 Parthos
913 1090 1036 1155 mittere
1053 1090 1095 1154 a'd
1115 1089 1230 1174 princi-

198 1211 270 1276 pem
288 1187 466 1253 Romanum
484 1185 621 1251 occultas
639 1207 757 1270 preces,
776 1184 847 1268 quis
864 1183 1002 1270 permitti
1017 1182 1230 1249 Meherdaten

198 1283 334 1369 patrium
352 1281 392 1346 ad
410 1280 571 1366 fastigium
590 1279 729 1353 orabant,
1199 1290 1205 1299 '

151 1399 179 1446 ιι
263 1376 371 1440 Isdem
393 1374 574 1439 consulibus
596 1373 662 1438 ludi
684 1374 860 1439 saeculares
879 1372 1140 1459 octingentesimo
1158 1381 1230 1457 post

198 1470 334 1535 Romam
357 1469 527 1545 conditam,
551 1478 662 1552 quarto
680 1477 711 1533 et
729 1467 926 1553 sexagesimo
943 1489 1039 1550 quam
1057 1465 1229 1552 Augustus

199 1565 351 1640 ediderat,
376 1563 507 1647 spectati
525 1573 612 1640 sunt3
635 1561 795 1645 utriusque
817 1561 965 1646 principis
982 1561 1121 1626 rationes
1139 1574 1230 1646 prae·

199 1658 347 1733 termitto,
371 1657 447 1720 satis
465 1667 604 1721 narratas
626 1655 713 1720 libris
736 1654 849 1739 quibus
871 1676 922 1718 res
944 1653 1141 1738 imperatoris
1159 1653 1230 1718 Do-

198 1750 317 1813 mitiani
336 1749 510 1832 composui:
533 1772 607 1813 nam
624 1750 651 1814 is
674 1770 799 1831 queque
817 1746 914 1811 edidit
935 1746 1028 1812 ludes
1047 1747 1228 1812 saeculares

198 1843 309 1926 hisque
327 1842 475 1906 intentius
494 1842 571 1905 affui
589 1841 762 1907 sacerdotio
779 1839 1048 1924 quindecimvirali
1064 1841 1228 1925 praeditus

198 1959 236 2002 ae
253 1945 327 2000 tune
344 1945 480 2020 praetor,
504 1936 588 2018 quod
606 1957 669 1999 non
690 1934 837 1998 iactantia
857 1932 973 2010 refero,
997 1933 1054 1997 sed
1071 1933 1148 2016 quia
1165 1933 1229 1998 col·

198 2030 281 2115 legio
304 2029 584 2112 quindecimvirum
606 2028 776 2110 antiquitus
799 2048 942 2106 casura,
970 2035 1003 2091 et
1022 2026 1229 2112 magistratus

199 2123 395 2209 potissimum
418 2121 652 2206 exequebantur
673 2121 777 2186 officia
799 2120 1066 2186 caerimoniarum.
1098 2121 1228 2200 sedente

201 2216 334 2283 Claudio
357 2215 548 2281 circensibus
570 2215 667 2292 ludis,
691 2237 763 2279 cum
783 2215 872 2300 pueri
894 2214 1015 2280 nobiles
1039 2214 1229 2298 equisludi-

200 2334 287 2377 crum
309 2309 423 2374 Troiae
445 2310 556 2373 inirent
578 2309 718 2392 interque
741 2331 795 2373 eos
818 2307 1017 2373 Britannicus
1040 2308 1229 2393 imperatore

199 2405 324 2490 genitus
342 2413 373 2467 et
386 2403 427 2466 L.
442 2403 601 2468 Domitius
616 2402 783 2486 adoptione
800 2424 875 2465 mox
892 2401 925 2466 in
942 2401 1109 2487 imperium
1128 2412 1160 2466 et
1177 2424 1229 2466 eo·

200 2506 403 2584 gnomcntum
421 2496 553 2561 Neronis
577 2497 729 2573 adscitus,
752 2496 842 2560 savar
862 2495 964 2579 plebis
986 2495 1088 2560 acrior
1108 2495 1143 2559 in
1160 2495 1229 2560 Do·

200 2592 322 2656 mitium
334 2591 403 2655 leco
418 2592 573 2677 praesagii
587 2602 733 2676 acceptus
748 2600 809 2668 est;
824 2589 1072 2675 vulgabaturque
1086 2589 1228 2655 adfuisse

200 2686 349 2749 infantiae
368 2686 434 2748 cius
457 2686 608 2749 dracones
626 2685 657 2748 in
676 2685 804 2748 modum
826 2684 1006 2759 custodum,
1029 2683 1177 2748 fabulosa
1198 2694 1229 2748 et

201 2779 336 2849 externis
351 2778 507 2842 miraculis
522 2779 709 2842 adsimilata:
729 2777 897 2861 namipse,
916 2777 1161 2860 haudquaquam
1179 2777 1228 2842 sui

201 2872 368 2945 detractor,
391 2893 486 2933 unam
509 2871 634 2934 omnino
657 2893 792 2957 anguem
813 2871 846 2934 in
869 2869 1012 2934 cubiculo
1033 2869 1137 2934 visam
1158 2894 1229 2934 nar·

153 2983 182 3032 12
201 2986 269 3029 rare
285 2963 396 3026 solitus
415 2973 472 3027 est.
499 2985 608 3026 rerum
626 2964 783 3028 inclinatio
799 2964 908 3049 populi
927 2973 1087 3048 supererat
1106 2986 1147 3027 cx
1163 2985 1229 3027 mc-

89 3057 99 3073 '
201 3056 299 3122 moria
314 3054 502 3134 Germanici,
518 3054 606 3122 cuius
620 3058 673 3121 illa
686 3059 807 3141 reliqua
821 3057 946 3122 suboles
960 3057 1073 3134 virilis3
1094 3068 1125 3120 ct
1137 3056 1228 3120 matri

201 3150 396 3236 Agrippinae
414 3151 571 3215 miseratio
589 3151 764 3237 augebatur
781 3150 821 3215 ob
845 3150 1007 3215 saevitiam
1024 3148 1228 3233 Messalinae,

202 3267 282 3328 (quae
298 3267 424 3329 semper
440 3245 555 3308 infesta
572 3255 603 3310 et
620 3254 694 3309 tunc
712 3245 907 3321 commotior,
926 3266 989 3327 quo
1007 3243 1111 3307 minus
1129 3253 1230 3307 struc-

202 3350 249 3403 ret
266 3339 395 3403 crimina
413 3349 442 3403 et
461 3348 671 3415 accusatores,
695 3362 776 3404 novo
795 3348 826 3402 ct
842 3337 940 3402 furori
961 3336 1106 3421 proximo
1123 3359 1230 3401 amore

202 3432 421 3498 distinebatur:
440 3457 513 3496 nem
530 3432 562 3495 in
582 3431 619 3497 O.
641 3430 767 3509 Silium,
790 3431 959 3496 iuventutis
977 3430 1141 3495 Romanae
1159 3431 1229 3516 pul-

203 3527 404 3604 cherrimum,
423 3528 467 3590 ita
484 3537 641 3591 exarserat
659 3536 693 3590 ut
710 3527 834 3590 Iuniam
852 3524 1007 3601 Silanum,
1026 3524 1166 3611 nobilem
1185 3525 1231 3588 fc·

203 3621 328 3697 minam,
348 3621 543 3685 matrimonio
557 3621 623 3685 eius
642 3619 821 3684 exturbaret
833 3640 994 3702 vacuoque
1013 3617 1156 3683 adultero
1174 3641 1231 3705 pe-

204 3725 332 3792 teretur3
350 3737 451 3797 neque
471 3713 567 3779 Silius
586 3714 696 3798 flagitii
713 3723 766 3777 aut
783 3713 913 3797 periculi
930 3712 1055 3776 nescius
1073 3720 1154 3790 erat3
1175 3712 1231 3776 sed

204 3819 302 3885 certo,
325 3808 351 3871 si
370 3808 531 3885 abnueret,
555 3801 704 3879 exitioet
725 3807 873 3871 nonnulla
894 3806 1022 3870 fallendi
1040 3828 1112 3891 spe,
1136 3806 1231 3870 simul

204 3902 327 3986 magnis
345 3902 504 3985 praemiis,
528 3903 661 3987 opperiri
680 3902 785 3965 futura
806 3910 837 3964 et
858 3899 1074 3985 praesentibus
1092 3899 1155 3967 frui
1174 3922 1230 3984 pro

205 3995 314 4058 solatio
332 3990 479 4059 habebat:
502 3996 555 4060 illa
572 4014 635 4059 nen
654 3995 773 4072 furtim,
797 3995 853 4058 scd
872 3994 968 4058 multe
987 3993 1137 4058 comitatu
1154 4016 1231 4057 ven-

205 4088 293 4152 titare
312 4089 453 4168 domum,
477 4089 655 4174 egressibus
678 4089 912 4167 adhaerescere,
935 4087 1041 4174 largiri
1059 4109 1150 4174 opes,
1174 4087 1232 4152 he-
