2760 4874
238 380 298 445 106
584 386 766 443 CORNELII
779 383 907 439 TAClTl

1150 484 1169 512 n.
1179 485 1200 511 u.
1212 476 1256 514 tte.

234 549 320 614 ribus
339 545 546 611 adulescentis
569 565 670 628 neque
688 541 854 606 insalsum
876 550 967 604 aucta
983 541 1103 604 retulit:
1127 562 1196 605 esse
1214 542 1259 605 illi

234 644 401 728 coniugem
419 650 450 705 et
466 649 529 703 tres
546 637 661 702 liberos
685 658 816 718 eamque
839 638 973 699 aetatem
990 656 1053 718 qua
1073 635 1143 721 ipse
1160 656 1260 717 quon-

235 738 307 802 dam
325 760 344 800 a
361 735 433 799 divo
450 731 598 818 Augusto
616 731 657 794 ad
674 730 902 814 capessendum
920 728 980 792 hoc
997 752 1111 794 munus
1129 739 1259 793 vocatus

236 832 289 908 sit3
308 851 414 914 neque,
426 848 509 891 nunc
526 847 671 911 propere,
696 825 752 888 sed
768 846 825 909 per
842 834 912 888 octo
934 846 1032 888 annos
1056 832 1147 908 capto
1166 846 1261 908 expe-

236 926 375 1000 rimento,
394 920 582 1006 compressis
601 917 815 995 seditionibus,
834 918 1015 1002 compositis
1034 916 1134 994 bellis,
1153 918 1261 980 trium-

234 1018 360 1105 phalem
378 1025 409 1080 et
426 1015 475 1080 bis
494 1000 668 1090 confflem,
687 1012 752 1076 noti
769 1011 884 1076 laboris
902 1012 1086 1096 participem
1104 1012 1195 1077 sumi.

185 1135 216 1181 57
298 1111 527 1194 Praeceperant
544 1106 656 1171 animis
678 1106 849 1195 oratiqnem
870 1115 989 1190 patres3
1013 1127 1074 1188 quo
1092 1105 1261 1188 quaesitior

236 1205 373 1270 adulatio
395 1203 469 1279 suit,
492 1224 550 1266 nec
573 1211 678 1265 tamen
698 1209 857 1285 repertum
877 1200 939 1263 nisi
956 1208 991 1263 ut
1008 1200 1130 1286 effigies
1148 1199 1261 1284 princi-

236 1290 330 1384 pum,
341 1321 410 1362 aras
424 1297 528 1372 deum,
547 1295 664 1378 templa
681 1303 712 1357 et
729 1315 820 1358 arcus
838 1293 962 1376 aliaque
980 1293 1071 1357 solita
1088 1301 1260 1369 censerent,

236 1393 296 1456 nisi
318 1391 404 1474 quod
419 1388 467 1453 M.
488 1387 614 1453 Silanus
637 1409 677 1450 ex
699 1386 887 1450 contumelia
908 1386 1089 1452 consulatus
1111 1387 1260 1452 honorem

235 1485 427 1573 principibus
445 1483 555 1569 petivit
571 1483 711 1566 dixitque
729 1505 786 1567 pro
805 1483 1032 1560 sententiam
1047 1483 1182 1568 publicis
1199 1483 1261 1569 pri-

237 1582 356 1665 vatisve
378 1577 576 1644 monimentis
599 1576 842 1640 admemoriam
865 1586 1040 1660 temporum
1065 1599 1128 1640 non
1149 1597 1262 1640 eonsu-

236 1675 303 1741 lum
324 1673 451 1736 nomina
467 1669 764 1755 praescriberentur,
789 1670 846 1734 sed
864 1692 972 1734 eorum
994 1659 1048 1752 qui
1065 1668 1262 1734 tribuniciam

192 1828 197 1836 .
237 1777 423 1853 potestatem
441 1774 593 1852 gererent.
621 1774 653 1829 at
672 1763 712 1846 Q.
732 1765 898 1842 Haterius,
918 1787 990 1829 cum
1008 1765 1075 1829 eius
1093 1764 1156 1828 diei
1174 1786 1263 1828 sena-

237 1873 288 1926 tus
307 1860 449 1926 consulta
466 1858 568 1923 aureis
586 1858 695 1922 litteris
709 1858 835 1944 figenda
851 1859 885 1922 in
903 1858 989 1922 curia
1006 1857 1191 1935 censuisset,
1209 1858 1263 1921 de·

238 1955 367 2020 ridiculo
392 1954 465 2031 fuit,
494 1975 590 2018 senex
620 1952 821 2018 foedissimae
847 1953 1033 2032 adulationis
1066 1952 1189 2016 tanturn
1216 1953 1263 2016 iu-

238 2049 336 2113 famia
352 2071 477 2112 usurus.
1011 2092 1012 2099 κ

187 2158 219 2205 58
258 2219 260 2223 Α
301 2143 388 2208 Inter
414 2164 494 2225 quae
519 2141 680 2226 provincia
705 2141 816 2205 Africa
837 2140 929 2205 Iunio
954 2140 1070 2205 Blaeso
1096 2147 1265 2224 prorogata

241 2235 370 2303 Servius
387 2236 633 2322 Maluginensis,
656 2235 771 2300 flamen
788 2234 906 2312 Dialis,
925 2244 961 2298 ut
977 2234 1089 2299 Asiam
1108 2242 1190 2298 sorte
1208 2232 1264 2296 ha

239 2332 326 2397 beret
338 2331 516 2416 postulavit,
536 2330 651 2396 frustra
665 2330 828 2416 vulgatum
840 2330 985 2394 dictitans
999 2351 1063 2393 non
1079 2328 1172 2392 licere
1184 2327 1264 2390 Dia

239 2425 321 2490 libus
336 2425 443 2512 egredi
455 2424 557 2502 Italia,
575 2447 677 2508 neque
691 2425 776 2488 aliud
790 2424 838 2488 ius
853 2447 946 2488 suum
964 2444 1059 2505 quarn
1071 2421 1264 2486 Martialium

241 2519 511 2602 Quirinaliumque
528 2518 703 2582 flaminum:
725 2540 831 2602 porro,
856 2517 884 2580 si
900 2516 935 2580 hi
955 2516 1120 2581 duxissent
1141 2515 1266 2600 provin-

241 2614 319 2690 cias,
347 2635 402 2677 cur
418 2612 566 2677 Dialibus
589 2613 622 2675 id
643 2612 793 2676 vetitum?
818 2611 904 2675 nulla
926 2608 965 2674 de
989 2633 1026 2674 eo
1048 2609 1156 2694 populi
1178 2609 1264 2684 scita,

240 2729 304 2772 non
320 2707 353 2770 in
365 2705 452 2770 libris
466 2706 723 2770 caerimoniarum
739 2705 876 2790 reperiri.
900 2726 994 2788 saepe
1011 2703 1175 2788 pontifices
1188 2702 1267 2765 Dia-

241 2801 283 2864 lia
302 2822 391 2864 sacra
408 2799 535 2875 secisse,
560 2800 587 2864 si
604 2800 718 2866 flamen
735 2799 906 2863 valitudine
924 2808 978 2861 aut
995 2820 1123 2861 munere
1141 2795 1267 2881 publico

242 2893 451 2977 impediretur.
471 2893 593 2957 duobus
609 2903 640 2956 et
654 2893 853 2978 septuaginta
866 2892 955 2956 annis
968 2904 1040 2976 post
1051 2889 1189 2955 Cornelii
1197 2889 1269 2953 Me-

218 3015 221 3020 ·
241 2986 327 3052 rulae
346 2986 473 3050 caedem
491 2987 647 3050 neminem
661 2987 837 3063 suffectum,
856 3008 958 3069 neque
977 2995 1081 3049 tamen
1095 2984 1268 3048 cessavisse
1311 2976 1313 2981 ¹

165 3156 167 3163 Ι
242 3078 423 3164 religiones3
446 3080 531 3162 quod
549 3079 576 3144 si
592 3103 649 3165 per
671 3090 717 3144 tot
739 3103 837 3144 annos
860 3080 960 3164 possit
981 3102 1045 3142 non
1062 3078 1161 3143 creari
1182 3076 1268 3140 nullo

243 3195 402 3243 sacrorum
419 3174 546 3251 damno,
570 3185 686 3257 quanto
705 3174 827 3239 facilius
845 3174 1004 3238 afuturum
1027 3174 1068 3237 ad
1085 3173 1177 3237 unius
1196 3172 1269 3235 anni

242 3267 462 3353 proconsulare
474 3269 659 3353 imperium?
672 3270 801 3354 privatis
815 3269 890 3333 olim
899 3267 1108 3333 simultatibus
1124 3267 1270 3331 effectum

243 3371 278 3435 ut
295 3385 314 3426 a
331 3361 528 3446 pontificibus
547 3363 691 3438 maximis
713 3363 758 3426 ire
775 3363 808 3426 in
825 3363 1001 3447 provincias
1020 3360 1269 3446 prohiberentur:

244 3478 327 3521 nunc
349 3455 442 3522 deum
464 3479 592 3521 munere
616 3479 773 3521 summum
796 3456 978 3541 pontificum
997 3457 1090 3520 etiarn
1113 3478 1271 3520 summum

243 3549 405 3613 hominum
423 3571 503 3627 esse,
522 3573 585 3614 non
602 3551 810 3628 aemulationi,
828 3573 892 3615 non
910 3551 981 3615 odio
999 3559 1052 3614 aut
1069 3548 1198 3634 privatis
1216 3548 1271 3612 ad-

245 3643 432 3718 fectionibus
451 3643 632 3708 obnoxium.

196 3757 227 3804 59
309 3737 474 3804 Adversus
492 3760 572 3822 quae
591 3760 663 3802 cum
676 3761 782 3824 ,augur
798 3739 954 3803 Lentulus
974 3738 1087 3821 aliique
1105 3738 1191 3801 varie
1208 3737 1272 3800 dis-

247 3841 392 3908 sererent,
412 3855 449 3897 eo
467 3832 633 3898 decursum
651 3842 699 3898 est
716 3842 751 3896 ut
767 3833 922 3917 pontificis
940 3833 1069 3897 maximi
1087 3831 1271 3896 sententiam

247 3926 472 4009 opperirentur:
491 3926 636 3992 Tiberius
655 3927 751 3991 dilata
768 3928 892 3992 notione
909 3928 949 3992 de
967 3928 1033 3991 iure
1051 3927 1199 4003 flaminis,
1218 3925 1272 3988 de·

247 4028 347 4082 cretas
365 4019 405 4084 ob
428 4019 625 4085 tribuniciam
641 4021 741 4085 Drusi
762 4031 949 4106 potestatem
972 4021 1175 4086 caerimonias
1193 4029 1272 4085 tem-

248 4111 377 4198 peravit,
395 4113 577 4183 nominatim
596 4137 730 4200 arguens
744 4115 938 4181 insolentiam
957 4115 1128 4180 sententiae
1146 4134 1272 4178 aureas·

71 4226 197 4587 γ
