2760 4874
205 392 269 459 ‘236
552 398 736 459 CORNELII
749 396 888 457 ramur

1138 502 1151 531 ι
1167 503 1181 532 ιι
1197 495 1230 534 aaa

206 574 270 638 tur,
296 582 369 625 cunr
395 558 568 645 ingreditur
589 556 695 635 Paris,
723 556 834 623 solitus
859 557 1008 642 alioquin
1034 557 1070 623 id
1097 562 1236 646 temporis

205 655 298 721 luxus
315 652 464 740 principis
482 651 652 728 intendore,
671 650 729 715 sed
745 662 820 716 tunc
837 652 1042 737 compositus
1060 653 1104 718 ad
1121 655 1237 719 maesti

205 750 291 826 fu,
309 747 512 833 caprositoque
529 744 636 809 indicii
652 744 760 809 ordine
777 745 822 809 ita
838 744 1028 811 audientem
1046 756 1191 824 exterret,
1208 758 1238 811 ut

205 865 267 907 non
285 852 405 906 tantum
427 850 558 903 matrem
575 837 788 923 Plautumque
809 838 1005 918 interficere,
1031 840 1092 906 sed
1108 840 1238 905 Burrum
1335 844 1339 897 t

204 936 298 1001 etiam
324 934 489 999 demovere
514 932 712 1018 praefectura
736 932 908 997 destinaret
928 942 1108 1019 tamquam
1127 934 1238 1021 Agrip

204 1029 296 1113 pinae
317 1027 418 1113 gratia
438 1037 620 1111 provectum
639 1035 671 1091 et
688 1024 788 1091 ricem
809 1026 1010 1092 reddentem.
1037 1027 1163 1093 Fabius
1179 1029 1238 1092 Ru·
1328 1044 1331 1053 ·

204 1121 301 1186 sticns
319 1131 427 1185 auctor
444 1128 493 1183 est
510 1118 643 1204 scriptos
661 1140 732 1184 csse
749 1116 978 1185 ad·Caecinam
993 1120 1145 1187 Tuscum
1161 1123 1238 1187 eodi-

204 1214 292 1279 cillos
314 1213 461 1278 mandata
482 1212 511 1277 ei
533 1211 757 1297 praetorianum
778 1211 955 1279 cohortium
976 1236 1075 1293 eura,
1104 1216 1163 1281 sed
1186 1239 1237 1301 ope
1335 1222 1338 1255 ²

205 1308 345 1371 Senecae
362 1306 576 1392 dignationem
592 1304 696 1369 Burro
717 1314 885 1384 retentam3
906 1306 1038 1374 Plinius
1058 1318 1092 1373 et
1111 1308 1237 1375 Cluvius

204 1400 280 1465 nihil
294 1399 470 1464 dubitatum
486 1400 526 1463 de
543 1400 606 1463 fide
623 1398 773 1485 praefecti
785 1399 940 1465 referunt:
960 1424 1043 1467 eane
1056 1401 1182 1468 Fabius
1197 1404 1237 1468 in·

204 1494 298 1558 clinat
315 1495 356 1558 ad
373 1494 481 1559 landes
501 1491 656 1570 Senecae,
679 1491 768 1559 caius
786 1493 924 1559 amicitia
941 1494 1070 1561 floruitr
1092 1519 1155 1563 nos
1172 1519 1238 1561 con·
1340 1490 1346 1511 '

204 1610 331 1652 sensnm
350 1598 512 1651 auctorum
530 1586 679 1663 secuturi,
701 1608 783 1671 quae
801 1587 926 1652 diversa
942 1588 1163 1673 prodiderint,
1185 1589 1236 1655 sub

203 1680 380 1746 nominibus
394 1682 534 1767 ipsorum
552 1680 721 1747 trademus.
742 1680 826 1747 Nero
839 1681 981 1767 trepidus
1001 1693 1036 1748 et
1053 1684 1237 1749 interficien-
1326 1664 1340 1759 ⁸,

202 1774 262 1839 dae
279 1774 387 1839 matris
410 1775 521 1841 avidus
539 1798 603 1841 aon
624 1775 711 1860 prins
734 1774 852 1840 differri
872 1776 976 1861 potuit
997 1790 1102 1861 quam
1120 1777 1235 1843 Burrus

202 1888 312 1933 necem
330 1868 397 1933 cius
411 1870 613 1954 promitteret,
632 1869 660 1935 si
677 1869 824 1935 facinoris
838 1880 1081 1955 coargueretur:
1100 1872 1162 1939 sed
1178 1872 1236 1936 cui·

203 1984 347 2047 cumque,
365 1964 482 2028 nedum
496 1964 626 2049 parenti,
645 1963 860 2029 defensionem
872 1963 1078 2030 tribuendam
1083 1990 1094 2044 3
1112 1988 1174 2031 neo
1190 1988 1236 2030 ac·

203 2065 362 2122 cusatores
377 2058 498 2136 adesso,
514 2058 570 2123 scd
583 2080 694 2122 vocem
707 2057 799 2123 unius
814 2078 853 2121 ex
866 2056 994 2122 inimica
1005 2058 1108 2125 domo
1121 2059 1235 2136 affeni3

202 2150 339 2215 refutare
361 2151 506 2217 tenebras
528 2162 559 2216 ct
576 2151 738 2237 vigilatam
760 2150 903 2216 convivio
920 2161 1051 2217 noctem
1070 2154 1235 2238 omniaque

203 2245 367 2310 temeritati
385 2255 417 2310 ct
433 2246 574 2311 inscitiae
591 2246 746 2332 propiora.

153 2360 182 2405 ar
269 2336 323 2403 Sic
340 2338 436 2404 lenito
454 2339 603 2423 principis
621 2349 708 2403 metu
725 2349 757 2404 et
773 2338 843 2404 luce
860 2348 928 2404 orta
944 2338 1010 2404 itur
1026 2341 1073 2405 ad
1085 2340 1235 2429 Agrippi·

203 2456 285 2510 nam,
304 2442 339 2496 ut
356 2443 497 2497 nosceret
512 2432 633 2497 obiecta
650 2433 895 2516 dissolveretque
912 2433 963 2498 vel
980 2456 1107 2519 poenas
1124 2436 1234 2502 lueret:

202 2526 322 2591 Burrus
341 2527 378 2591 iis
396 2527 551 2591 mandatis
567 2524 690 2592 Seneca
706 2548 811 2591 coram
828 2526 1035 2612 fungebatur3
1056 2530 1191 2594 aderant
1207 2538 1234 2593 et
1335 2536 1342 2609 f

202 2644 242 2685 ex
267 2620 385 2685 libertis
413 2620 520 2684 arbitri
547 2620 712 2698 sermonis3
739 2620 851 2684 deinde
877 2620 1036 2698 aBurro,
1065 2632 1234 2707 postquam

202 2714 331 2777 crimina
349 2723 380 2777 et
398 2722 540 2778 auctores
559 2713 717 2799 exposuit,
741 2714 902 2778 minaciter
919 2723 1040 2779 actum:
1066 2725 1100 2780 et
1117 2714 1233 2802 Agrip·
1340 2744 1345 2785 a

201 2807 276 2892 pina
293 2808 426 2872 ferociae
444 2830 564 2872 memor
583 2829 665 2886 „non
682 2807 800 2873 miror“
819 2807 919 2891 inquit
937 2805 1122 2888 „Silanam,
1145 2834 1233 2874 num-

202 2923 297 2984 quam
315 2902 397 2966 edito
415 2912 516 2987 partu,
535 2911 670 2966 matrum
688 2901 820 2967 affectus
833 2901 957 2989 ignotos
975 2901 1113 2980 habere;
1131 2925 1232 2987 neque
1340 2924 1343 2931 ·

202 2995 284 3059 enim
307 2996 436 3081 proinde
455 2994 671 3081 aparentibus
694 2994 784 3060 liberi
801 3017 896 3079 qnam
913 2994 953 3060 ab
974 2995 1130 3081 inpudica
1147 2997 1232 3062 adul-

202 3090 259 3154 teri
276 3099 448 3168 mutantur3
471 3112 530 3154 nec
548 3090 575 3154 si
593 3089 711 3154 Iturius
734 3099 766 3154 et
784 3087 942 3155 Caluisius
960 3089 1066 3154 adesis
1086 3090 1230 3155 omnibus

202 3183 333 3248 fortunis
343 3184 547 3248 novissimam
562 3183 779 3267 suscipiendae
792 3182 999 3248 accusationis
1014 3204 1146 3269 operam
1159 3183 1230 3248 anui
1322 3176 1328 3193 '

200 3276 386 3362 rependunt,
414 3276 484 3341 ideo
511 3285 564 3341 aut
589 3276 667 3340 mihi
691 3276 821 3340 infamia
842 3276 999 3360 parricidii
1021 3286 1078 3341 aut
1102 3276 1229 3343 Caesari
1340 3310 1345 3337 ι

201 3371 389 3435 conscientia
403 3370 566 3435 subeunda
583 3379 644 3434 est:
663 3393 737 3434 nam
750 3368 909 3434 Domitiae
922 3369 1095 3435 inimicitiis
1113 3371 1228 3457 gratias

200 3488 340 3551 agerem,
365 3467 392 3530 si
408 3466 618 3531 benivolentia
638 3486 762 3529 meeum
779 3464 812 3528 in
828 3463 985 3529 Neronem
1006 3487 1116 3529 meum
1134 3475 1229 3530 certa·
1340 3520 1345 3533 .

200 3570 260 3623 ret:
284 3581 366 3623 nunc
386 3582 443 3645 per
464 3559 673 3624 concubinum
689 3558 866 3623 Atimetum
887 3567 919 3623 et
939 3557 1125 3623 histrionem
1143 3559 1229 3624 Pari·

201 3653 273 3717 dem
291 3654 382 3737 quasi
400 3676 512 3719 scenae
530 3652 653 3717 fabulas
672 3652 845 3737 componit;
867 3650 1018 3715 Baiarum
1037 3675 1167 3717 suarum
1182 3653 1227 3737 pi-

201 3747 303 3811 scinas
321 3748 502 3824 extollebat,
523 3770 594 3811 eum
612 3746 690 3811 meis
709 3746 846 3811 consiliis
865 3745 991 3830 adoptio
1009 3754 1041 3809 et
1058 3767 1220 3831 proconsu-
1341 3820 1344 3851 Ι

200 3841 264 3905 lare
277 3841 326 3905 ius
341 3851 371 3905 et
384 3841 558 3929 designatio
574 3840 754 3906 consulatus
765 3849 796 3905 et
808 3849 911 3905 cetera
920 3838 1090 3924 apiscendo
1098 3840 1226 3925 imperio
1341 3866 1344 3873 ·

199 3945 464 4020 praepararentur.
492 3945 524 4000 at
546 3935 676 4000 exsistat
698 3935 752 4017 qui
774 3934 916 3998 cohortes
938 3933 972 3996 in
993 3930 1073 3997 urbe
1096 3944 1226 4019 tempta·

200 4039 263 4104 tas,
282 4030 336 4111 qui
352 4030 582 4114 provinciarum
600 4029 694 4094 fidem
711 4028 946 4103 labefactatam,
966 4026 1102 4110 denique
1121 4048 1225 4092 servos

200 4122 250 4184 vel
268 4122 394 4187 libertos
413 4122 453 4186 ad
471 4124 572 4188 scelus
587 4131 748 4207 corruptos
762 4119 886 4209 arguatl
904 4120 1010 4186 vivere
1029 4141 1091 4205 ego
1104 4119 1226 4184 Britan-

1354 4744 1359 4813 l
