<?xml version="1.0" encoding="UTF-8"?>
<!DOCTYPE html PUBLIC "-//W3C//DTD XHTML 1.0 Transitional//EN"
    "http://www.w3.org/TR/xhtml1/DTD/xhtml1-transitional.dtd">
<html xmlns="http://www.w3.org/1999/xhtml" xml:lang="en" lang="en">
 <head>
  <title>
</title>
<meta http-equiv="Content-Type" content="text/html;charset=utf-8" />
  <meta name='ocr-system' content='tesseract 3.04.00' />
  <meta name='ocr-capabilities' content='ocr_page ocr_carea ocr_par ocr_line ocrx_word'/>
</head>
<body>
  <div class='ocr_page' id='page_1' title='image "./corneliitacitio01haasgoog_0223.png"; bbox 0 0 2760 4874; ppageno 0'>
   <div class='ocr_carea' id='block_1_1' title="bbox 212 373 887 438">
    <p class='ocr_par' dir='ltr' id='par_1_1' title="bbox 212 373 887 438">
     <span class='ocr_line' id='line_1_1' title="bbox 212 373 887 438; baseline -0.009 -1"><span class='ocrx_word' id='word_1_1' title='bbox 212 373 273 438; x_wconf 81' lang='lat'>146</span> <span class='ocrx_word' id='word_1_2' title='bbox 560 376 742 436; x_wconf 83' lang='lat' dir='ltr'>CORNELII</span> <span class='ocrx_word' id='word_1_3' title='bbox 756 377 887 433; x_wconf 84' lang='lat' dir='ltr'>TACITI</span> 
     </span>
    </p>
   </div>
   <div class='ocr_carea' id='block_1_2' title="bbox 103 467 1337 4180">
    <p class='ocr_par' dir='ltr' id='par_1_2' title="bbox 209 467 1236 714">
     <span class='ocr_line' id='line_1_2' title="bbox 1068 467 1234 507; baseline 0.012 -2"><span class='ocrx_word' id='word_1_4' title='bbox 1068 476 1088 505; x_wconf 87' lang='lat' dir='ltr'>a.</span> <span class='ocrx_word' id='word_1_5' title='bbox 1098 476 1120 506; x_wconf 86' lang='lat' dir='ltr'>u.</span> <span class='ocrx_word' id='word_1_6' title='bbox 1131 467 1178 507; x_wconf 79' lang='grc'><strong>780.</strong></span> <span class='ocrx_word' id='word_1_7' title='bbox 1188 468 1234 507; x_wconf 77' lang='grc'><strong>781.</strong></span> 
     </span>
     <span class='ocr_line' id='line_1_3' title="bbox 209 532 1235 621; baseline -0.006 -16"><span class='ocrx_word' id='word_1_8' title='bbox 209 539 351 605; x_wconf 87' lang='lat' dir='ltr'>infestior</span> <span class='ocrx_word' id='word_1_9' title='bbox 377 538 424 601; x_wconf 88' lang='lat' dir='ltr'>vis</span> <span class='ocrx_word' id='word_1_10' title='bbox 452 536 517 600; x_wconf 90' lang='lat' dir='ltr'>sine</span> <span class='ocrx_word' id='word_1_11' title='bbox 539 534 714 600; x_wconf 89' lang='lat' dir='ltr'>levamento</span> <span class='ocrx_word' id='word_1_12' title='bbox 739 532 955 621; x_wconf 66' lang='lat' dir='ltr'>grassabatum</span> <span class='ocrx_word' id='word_1_13' title='bbox 982 535 1235 619; x_wconf 83' lang='lat' dir='ltr'>corripueratque</span> 
     </span>
     <span class='ocr_line' id='line_1_4' title="bbox 209 625 1236 714; baseline -0.005 -15"><span class='ocrx_word' id='word_1_14' title='bbox 209 634 331 699; x_wconf 89' lang='lat' dir='ltr'>Varum</span> <span class='ocrx_word' id='word_1_15' title='bbox 349 630 549 714; x_wconf 81' lang='lat' dir='ltr'>Quintilium,</span> <span class='ocrx_word' id='word_1_16' title='bbox 571 629 699 693; x_wconf 89' lang='lat' dir='ltr'>divitem</span> <span class='ocrx_word' id='word_1_17' title='bbox 718 639 748 695; x_wconf 91' lang='lat' dir='ltr'>et</span> <span class='ocrx_word' id='word_1_18' title='bbox 767 625 897 694; x_wconf 81' lang='lat' dir='ltr'>Caesari</span> <span class='ocrx_word' id='word_1_19' title='bbox 917 629 1141 713; x_wconf 89' lang='lat' dir='ltr'>propinquum,</span> <span class='ocrx_word' id='word_1_20' title='bbox 1165 627 1236 694; x_wconf 94' lang='lat' dir='ltr'>Do-</span> 
     </span>
    </p>

    <p class='ocr_par' dir='ltr' id='par_1_3' title="bbox 103 721 1235 1463">
     <span class='ocr_line' id='line_1_5' title="bbox 103 721 1234 801; baseline -0.005 -9"><span class='ocrx_word' id='word_1_21' title='bbox 103 768 107 775; x_wconf 91' lang='lat'>·</span> <span class='ocrx_word' id='word_1_22' title='bbox 210 727 315 791; x_wconf 92' lang='lat' dir='ltr'>mitius</span> <span class='ocrx_word' id='word_1_23' title='bbox 329 723 419 801; x_wconf 75' lang='lat' dir='ltr'>Aser,</span> <span class='ocrx_word' id='word_1_24' title='bbox 435 721 586 788; x_wconf 83' lang='lat' dir='ltr'>Claudiae</span> <span class='ocrx_word' id='word_1_25' title='bbox 599 722 764 800; x_wconf 86' lang='lat' dir='ltr'>Pulchrae,</span> <span class='ocrx_word' id='word_1_26' title='bbox 783 723 890 788; x_wconf 88' lang='lat' dir='ltr'>matris</span> <span class='ocrx_word' id='word_1_27' title='bbox 904 722 981 800; x_wconf 91' lang='lat' dir='ltr'>eius,</span> <span class='ocrx_word' id='word_1_28' title='bbox 1000 722 1234 799; x_wconf 85' lang='lat' dir='ltr'>condemnator,</span> 
     </span>
     <span class='ocr_line' id='line_1_6' title="bbox 210 815 1235 903; baseline -0.006 -18"><span class='ocrx_word' id='word_1_29' title='bbox 210 821 295 885; x_wconf 88' lang='lat' dir='ltr'>nullo</span> <span class='ocrx_word' id='word_1_30' title='bbox 308 819 439 883; x_wconf 90' lang='lat' dir='ltr'>mirante</span> <span class='ocrx_word' id='word_1_31' title='bbox 452 816 538 899; x_wconf 90' lang='lat' dir='ltr'>quod</span> <span class='ocrx_word' id='word_1_32' title='bbox 551 816 605 880; x_wconf 94' lang='lat' dir='ltr'>diu</span> <span class='ocrx_word' id='word_1_33' title='bbox 622 838 718 903; x_wconf 89' lang='lat' dir='ltr'>egens</span> <span class='ocrx_word' id='word_1_34' title='bbox 737 825 769 880; x_wconf 89' lang='lat' dir='ltr'>et</span> <span class='ocrx_word' id='word_1_35' title='bbox 781 826 870 900; x_wconf 90' lang='lat' dir='ltr'>parto</span> <span class='ocrx_word' id='word_1_36' title='bbox 883 837 983 901; x_wconf 88' lang='lat' dir='ltr'>nuper</span> <span class='ocrx_word' id='word_1_37' title='bbox 995 815 1133 900; x_wconf 84' lang='lat' dir='ltr'>praemio</span> <span class='ocrx_word' id='word_1_38' title='bbox 1151 815 1235 880; x_wconf 86' lang='lat' dir='ltr'>male</span> 
     </span>
     <span class='ocr_line' id='line_1_7' title="bbox 211 907 1235 998; baseline -0.005 -20"><span class='ocrx_word' id='word_1_39' title='bbox 211 936 287 978; x_wconf 91' lang='lat' dir='ltr'>usus</span> <span class='ocrx_word' id='word_1_40' title='bbox 309 912 399 998; x_wconf 90' lang='lat' dir='ltr'>plura</span> <span class='ocrx_word' id='word_1_41' title='bbox 420 910 461 977; x_wconf 87' lang='lat' dir='ltr'>ad</span> <span class='ocrx_word' id='word_1_42' title='bbox 477 909 596 995; x_wconf 85' lang='lat' dir='ltr'>flagitia</span> <span class='ocrx_word' id='word_1_43' title='bbox 617 910 844 995; x_wconf 84' lang='lat' dir='ltr'>accingeretur3</span> <span class='ocrx_word' id='word_1_44' title='bbox 866 907 1016 978; x_wconf 89' lang='lat' dir='ltr'>Publium</span> <span class='ocrx_word' id='word_1_45' title='bbox 1032 908 1235 974; x_wconf 88' lang='lat' dir='ltr'>Dolabellam</span> 
     </span>
     <span class='ocr_line' id='line_1_8' title="bbox 212 1001 1235 1085; baseline -0.004 -13"><span class='ocrx_word' id='word_1_46' title='bbox 212 1006 331 1073; x_wconf 86' lang='lat' dir='ltr'>socium</span> <span class='ocrx_word' id='word_1_47' title='bbox 353 1003 517 1068; x_wconf 80' lang='lat' dir='ltr'>delationis</span> <span class='ocrx_word' id='word_1_48' title='bbox 535 1002 675 1067; x_wconf 85' lang='lat' dir='ltr'>extitisse</span> <span class='ocrx_word' id='word_1_49' title='bbox 691 1001 842 1067; x_wconf 79' lang='lat' dir='ltr'>miramlo</span> <span class='ocrx_word' id='word_1_50' title='bbox 860 1011 940 1080; x_wconf 87' lang='lat' dir='ltr'>crat,</span> <span class='ocrx_word' id='word_1_51' title='bbox 963 1002 1037 1085; x_wconf 86' lang='lat' dir='ltr'>quia</span> <span class='ocrx_word' id='word_1_52' title='bbox 1058 1002 1149 1068; x_wconf 89' lang='lat' dir='ltr'>claris</span> <span class='ocrx_word' id='word_1_53' title='bbox 1167 1026 1235 1068; x_wconf 90' lang='lat' dir='ltr'>ma·</span> 
     </span>
     <span class='ocr_line' id='line_1_9' title="bbox 209 1095 1235 1180; baseline -0.002 -15"><span class='ocrx_word' id='word_1_54' title='bbox 209 1099 327 1165; x_wconf 89' lang='lat' dir='ltr'>iuribus</span> <span class='ocrx_word' id='word_1_55' title='bbox 349 1107 381 1162; x_wconf 91' lang='lat' dir='ltr'>et</span> <span class='ocrx_word' id='word_1_56' title='bbox 401 1096 488 1162; x_wconf 88' lang='lat' dir='ltr'>Varo</span> <span class='ocrx_word' id='word_1_57' title='bbox 514 1113 673 1161; x_wconf 86' lang='lat' dir='ltr'>connexus</span> <span class='ocrx_word' id='word_1_58' title='bbox 700 1118 789 1161; x_wconf 88' lang='lat' dir='ltr'>suam</span> <span class='ocrx_word' id='word_1_59' title='bbox 811 1097 879 1180; x_wconf 89' lang='lat' dir='ltr'>ipse</span> <span class='ocrx_word' id='word_1_60' title='bbox 905 1095 1112 1175; x_wconf 86' lang='lat' dir='ltr'>nobilitatem,</span> <span class='ocrx_word' id='word_1_61' title='bbox 1140 1119 1235 1163; x_wconf 93' lang='lat' dir='ltr'>suum</span> 
     </span>
     <span class='ocr_line' id='line_1_10' title="bbox 210 1189 1235 1279; baseline -0.003 -20"><span class='ocrx_word' id='word_1_62' title='bbox 210 1192 394 1279; x_wconf 85' lang='lat' dir='ltr'>sanguinem</span> <span class='ocrx_word' id='word_1_63' title='bbox 419 1191 574 1276; x_wconf 89' lang='lat' dir='ltr'>perditum</span> <span class='ocrx_word' id='word_1_64' title='bbox 600 1189 678 1255; x_wconf 91' lang='lat' dir='ltr'>ibat:</span> <span class='ocrx_word' id='word_1_65' title='bbox 706 1190 817 1254; x_wconf 88' lang='lat' dir='ltr'>restitit</span> <span class='ocrx_word' id='word_1_66' title='bbox 839 1199 944 1254; x_wconf 86' lang='lat' dir='ltr'>tamen</span> <span class='ocrx_word' id='word_1_67' title='bbox 972 1199 1097 1256; x_wconf 90' lang='lat' dir='ltr'>senatus</span> <span class='ocrx_word' id='word_1_68' title='bbox 1125 1200 1157 1256; x_wconf 89' lang='lat' dir='ltr'>et</span> <span class='ocrx_word' id='word_1_69' title='bbox 1178 1214 1235 1277; x_wconf 82' lang='lat' dir='ltr'>op</span> 
     </span>
     <span class='ocr_line' id='line_1_11' title="bbox 208 1283 1234 1375; baseline -0.003 -23"><span class='ocrx_word' id='word_1_70' title='bbox 208 1288 392 1373; x_wconf 89' lang='lat' dir='ltr'>periendnm</span> <span class='ocrx_word' id='word_1_71' title='bbox 417 1286 635 1375; x_wconf 80' lang='lat' dir='ltr'>imperatorem</span> <span class='ocrx_word' id='word_1_72' title='bbox 661 1283 796 1362; x_wconf 84' lang='lat' dir='ltr'>censuit3</span> <span class='ocrx_word' id='word_1_73' title='bbox 823 1283 907 1367; x_wconf 89' lang='lat' dir='ltr'>quod</span> <span class='ocrx_word' id='word_1_74' title='bbox 932 1306 1030 1349; x_wconf 91' lang='lat' dir='ltr'>unum</span> <span class='ocrx_word' id='word_1_75' title='bbox 1055 1283 1234 1370; x_wconf 88' lang='lat' dir='ltr'>urgentium</span> 
     </span>
     <span class='ocr_line' id='line_1_12' title="bbox 209 1377 835 1463; baseline -0.01 -17"><span class='ocrx_word' id='word_1_76' title='bbox 209 1381 361 1445; x_wconf 89' lang='lat' dir='ltr'>malorum</span> <span class='ocrx_word' id='word_1_77' title='bbox 379 1378 551 1463; x_wconf 86' lang='lat' dir='ltr'>suffugium</span> <span class='ocrx_word' id='word_1_78' title='bbox 568 1377 601 1441; x_wconf 93' lang='lat' dir='ltr'>in</span> <span class='ocrx_word' id='word_1_79' title='bbox 618 1386 742 1462; x_wconf 88' lang='lat' dir='ltr'>tempus</span> <span class='ocrx_word' id='word_1_80' title='bbox 761 1386 835 1441; x_wconf 91' lang='lat' dir='ltr'>erat.</span> 
     </span>
    </p>

    <p class='ocr_par' dir='ltr' id='par_1_4' title="bbox 159 1468 1337 3878">
     <span class='ocr_line' id='line_1_13' title="bbox 159 1468 1235 1556; baseline -0.009 -12"><span class='ocrx_word' id='word_1_81' title='bbox 159 1497 190 1544; x_wconf 77' lang='lat'>67</span> <span class='ocrx_word' id='word_1_82' title='bbox 272 1473 319 1539; x_wconf 85' lang='lat' dir='ltr'>At</span> <span class='ocrx_word' id='word_1_83' title='bbox 337 1473 456 1538; x_wconf 86' lang='lat' dir='ltr'>Caesar</span> <span class='ocrx_word' id='word_1_84' title='bbox 477 1470 627 1536; x_wconf 79' lang='lat' dir='ltr'>dedicatis</span> <span class='ocrx_word' id='word_1_85' title='bbox 649 1492 707 1556; x_wconf 91' lang='lat' dir='ltr'>per</span> <span class='ocrx_word' id='word_1_86' title='bbox 729 1468 936 1555; x_wconf 89' lang='lat' dir='ltr'>Campaniam</span> <span class='ocrx_word' id='word_1_87' title='bbox 958 1470 1096 1556; x_wconf 88' lang='lat' dir='ltr'>templis,</span> <span class='ocrx_word' id='word_1_88' title='bbox 1124 1492 1235 1555; x_wconf 92' lang='lat' dir='ltr'>quam-</span> 
     </span>
     <span class='ocr_line' id='line_1_14' title="bbox 209 1563 1233 1652; baseline -0.004 -20"><span class='ocrx_word' id='word_1_89' title='bbox 209 1591 304 1652; x_wconf 90' lang='lat' dir='ltr'>quam</span> <span class='ocrx_word' id='word_1_90' title='bbox 322 1567 422 1631; x_wconf 89' lang='lat' dir='ltr'>edicto</span> <span class='ocrx_word' id='word_1_91' title='bbox 440 1565 613 1641; x_wconf 85' lang='lat' dir='ltr'>monuisset</span> <span class='ocrx_word' id='word_1_92' title='bbox 633 1564 762 1646; x_wconf 88' lang='lat' dir='ltr'>nequis</span> <span class='ocrx_word' id='word_1_93' title='bbox 785 1564 921 1647; x_wconf 91' lang='lat' dir='ltr'>quictem</span> <span class='ocrx_word' id='word_1_94' title='bbox 942 1564 1011 1630; x_wconf 85' lang='lat' dir='ltr'>eius</span> <span class='ocrx_word' id='word_1_95' title='bbox 1032 1563 1233 1649; x_wconf 87' lang='lat' dir='ltr'>inrumperet,</span> 
     </span>
     <span class='ocr_line' id='line_1_15' title="bbox 209 1657 1233 1744; baseline -0.004 -18"><span class='ocrx_word' id='word_1_96' title='bbox 209 1681 439 1742; x_wconf 90' lang='lat' dir='ltr'>concursusque</span> <span class='ocrx_word' id='word_1_97' title='bbox 458 1658 683 1744; x_wconf 88' lang='lat' dir='ltr'>oppidanorum</span> <span class='ocrx_word' id='word_1_98' title='bbox 701 1658 853 1743; x_wconf 90' lang='lat' dir='ltr'>disposito</span> <span class='ocrx_word' id='word_1_99' title='bbox 871 1657 968 1722; x_wconf 88' lang='lat' dir='ltr'>milite</span> <span class='ocrx_word' id='word_1_100' title='bbox 985 1657 1233 1743; x_wconf 87' lang='lat' dir='ltr'>prohiberentur,</span> 
     </span>
     <span class='ocr_line' id='line_1_16' title="bbox 208 1750 1235 1839; baseline -0.003 -21"><span class='ocrx_word' id='word_1_101' title='bbox 208 1776 338 1839; x_wconf 91' lang='lat' dir='ltr'>perosus</span> <span class='ocrx_word' id='word_1_102' title='bbox 364 1761 469 1816; x_wconf 91' lang='lat' dir='ltr'>tamen</span> <span class='ocrx_word' id='word_1_103' title='bbox 490 1751 659 1835; x_wconf 91' lang='lat' dir='ltr'>municipia</span> <span class='ocrx_word' id='word_1_104' title='bbox 682 1760 713 1815; x_wconf 91' lang='lat' dir='ltr'>et</span> <span class='ocrx_word' id='word_1_105' title='bbox 734 1750 871 1816; x_wconf 88' lang='lat' dir='ltr'>colonias</span> <span class='ocrx_word' id='word_1_106' title='bbox 894 1751 1058 1834; x_wconf 88' lang='lat' dir='ltr'>omniaque</span> <span class='ocrx_word' id='word_1_107' title='bbox 1080 1751 1114 1815; x_wconf 91' lang='lat' dir='ltr'>in</span> <span class='ocrx_word' id='word_1_108' title='bbox 1136 1750 1235 1815; x_wconf 92' lang='lat' dir='ltr'>conti-</span> 
     </span>
     <span class='ocr_line' id='line_1_17' title="bbox 209 1837 1263 1930; baseline -0.006 -20"><span class='ocrx_word' id='word_1_109' title='bbox 209 1846 295 1910; x_wconf 91' lang='lat' dir='ltr'>nenti</span> <span class='ocrx_word' id='word_1_110' title='bbox 317 1846 389 1923; x_wconf 87' lang='lat' dir='ltr'>sita,</span> <span class='ocrx_word' id='word_1_111' title='bbox 414 1843 553 1930; x_wconf 88' lang='lat' dir='ltr'>Capreas</span> <span class='ocrx_word' id='word_1_112' title='bbox 576 1837 610 1910; x_wconf 85' lang='lat' dir='ltr'>se</span> <span class='ocrx_word' id='word_1_113' title='bbox 632 1845 665 1908; x_wconf 93' lang='lat' dir='ltr'>in</span> <span class='ocrx_word' id='word_1_114' title='bbox 686 1844 820 1909; x_wconf 85' lang='lat' dir='ltr'>insulam</span> <span class='ocrx_word' id='word_1_115' title='bbox 842 1842 984 1922; x_wconf 84' lang='lat' dir='ltr'>abdidit,</span> <span class='ocrx_word' id='word_1_116' title='bbox 998 1844 1091 1908; x_wconf 90' lang='lat' dir='ltr'>trium</span> <span class='ocrx_word' id='word_1_117' title='bbox 1112 1843 1234 1908; x_wconf 91' lang='lat' dir='ltr'>milium</span> <span class='ocrx_word' id='word_1_118' title='bbox 1259 1896 1263 1903; x_wconf 91' lang='lat'>.</span> 
     </span>
     <span class='ocr_line' id='line_1_18' title="bbox 209 1936 1320 2023; baseline -0.003 -19"><span class='ocrx_word' id='word_1_119' title='bbox 209 1940 289 2004; x_wconf 84' lang='lat' dir='ltr'>freto</span> <span class='ocrx_word' id='word_1_120' title='bbox 307 1938 347 2004; x_wconf 88' lang='lat' dir='ltr'>ab</span> <span class='ocrx_word' id='word_1_121' title='bbox 365 1939 511 2004; x_wconf 84' lang='lat' dir='ltr'>extremis</span> <span class='ocrx_word' id='word_1_122' title='bbox 531 1936 707 2004; x_wconf 89' lang='lat' dir='ltr'>Surrentini</span> <span class='ocrx_word' id='word_1_123' title='bbox 729 1937 930 2023; x_wconf 88' lang='lat' dir='ltr'>promontorii</span> <span class='ocrx_word' id='word_1_124' title='bbox 952 1937 1131 2003; x_wconf 84' lang='lat' dir='ltr'>diiunctum.</span> <span class='ocrx_word' id='word_1_125' title='bbox 1161 1938 1235 2002; x_wconf 87' lang='lat' dir='ltr'>soli·</span> <span class='ocrx_word' id='word_1_126' title='bbox 1319 1938 1320 1942; x_wconf 69' lang='grc'>’</span> 
     </span>
     <span class='ocr_line' id='line_1_19' title="bbox 209 2025 1235 2118; baseline -0.003 -21"><span class='ocrx_word' id='word_1_127' title='bbox 209 2034 349 2098; x_wconf 91' lang='lat' dir='ltr'>tudinem</span> <span class='ocrx_word' id='word_1_128' title='bbox 370 2033 437 2098; x_wconf 90' lang='lat' dir='ltr'>eius</span> <span class='ocrx_word' id='word_1_129' title='bbox 459 2031 614 2118; x_wconf 82' lang='lat' dir='ltr'>placuisse</span> <span class='ocrx_word' id='word_1_130' title='bbox 640 2032 776 2096; x_wconf 83' lang='lat' dir='ltr'>maxime</span> <span class='ocrx_word' id='word_1_131' title='bbox 798 2025 994 2107; x_wconf 88' lang='lat' dir='ltr'>crediderim,</span> <span class='ocrx_word' id='word_1_132' title='bbox 1021 2031 1170 2115; x_wconf 90' lang='lat' dir='ltr'>quoniam</span> <span class='ocrx_word' id='word_1_133' title='bbox 1187 2031 1235 2094; x_wconf 68' lang='lat' dir='ltr'>in÷</span> 
     </span>
     <span class='ocr_line' id='line_1_20' title="bbox 208 2124 1234 2213; baseline -0.001 -22"><span class='ocrx_word' id='word_1_134' title='bbox 208 2137 392 2213; x_wconf 89' lang='lat' dir='ltr'>portuosum</span> <span class='ocrx_word' id='word_1_135' title='bbox 410 2126 492 2191; x_wconf 89' lang='lat' dir='ltr'>circa</span> <span class='ocrx_word' id='word_1_136' title='bbox 508 2147 603 2203; x_wconf 87' lang='lat' dir='ltr'>mare,</span> <span class='ocrx_word' id='word_1_137' title='bbox 623 2134 654 2190; x_wconf 92' lang='lat' dir='ltr'>et</span> <span class='ocrx_word' id='word_1_138' title='bbox 671 2125 725 2190; x_wconf 89' lang='lat' dir='ltr'>vix</span> <span class='ocrx_word' id='word_1_139' title='bbox 742 2124 874 2190; x_wconf 91' lang='lat' dir='ltr'>modicis</span> <span class='ocrx_word' id='word_1_140' title='bbox 887 2124 1021 2211; x_wconf 89' lang='lat' dir='ltr'>navigiis</span> <span class='ocrx_word' id='word_1_141' title='bbox 1038 2146 1141 2210; x_wconf 86' lang='lat' dir='ltr'>pauca</span> <span class='ocrx_word' id='word_1_142' title='bbox 1160 2124 1234 2190; x_wconf 87' lang='lat' dir='ltr'>sub·</span> 
     </span>
     <span class='ocr_line' id='line_1_21' title="bbox 210 2216 1235 2304; baseline -0.004 -19"><span class='ocrx_word' id='word_1_143' title='bbox 210 2220 302 2285; x_wconf 84' lang='lat' dir='ltr'>sidia:</span> <span class='ocrx_word' id='word_1_144' title='bbox 324 2241 425 2304; x_wconf 91' lang='lat' dir='ltr'>neque</span> <span class='ocrx_word' id='word_1_145' title='bbox 444 2219 597 2304; x_wconf 88' lang='lat' dir='ltr'>adpulerit</span> <span class='ocrx_word' id='word_1_146' title='bbox 611 2218 860 2303; x_wconf 60' lang='lat' dir='ltr'>,quisquamnisi</span> <span class='ocrx_word' id='word_1_147' title='bbox 876 2240 974 2304; x_wconf 90' lang='lat' dir='ltr'>gnaro</span> <span class='ocrx_word' id='word_1_148' title='bbox 992 2218 1131 2298; x_wconf 83' lang='lat' dir='ltr'>custode.</span> <span class='ocrx_word' id='word_1_149' title='bbox 1155 2216 1235 2285; x_wconf 83' lang='lat' dir='ltr'>caeli</span> 
     </span>
     <span class='ocr_line' id='line_1_22' title="bbox 209 2311 1235 2400; baseline -0.001 -22"><span class='ocrx_word' id='word_1_150' title='bbox 209 2314 374 2400; x_wconf 89' lang='lat' dir='ltr'>temperies</span> <span class='ocrx_word' id='word_1_151' title='bbox 400 2313 502 2378; x_wconf 87' lang='lat' dir='ltr'>hieme</span> <span class='ocrx_word' id='word_1_152' title='bbox 524 2313 608 2377; x_wconf 92' lang='lat' dir='ltr'>mitis</span> <span class='ocrx_word' id='word_1_153' title='bbox 631 2311 756 2378; x_wconf 89' lang='lat' dir='ltr'>obiectu</span> <span class='ocrx_word' id='word_1_154' title='bbox 777 2312 906 2390; x_wconf 90' lang='lat' dir='ltr'>montis,</span> <span class='ocrx_word' id='word_1_155' title='bbox 931 2333 995 2395; x_wconf 91' lang='lat' dir='ltr'>quo</span> <span class='ocrx_word' id='word_1_156' title='bbox 1013 2333 1107 2376; x_wconf 89' lang='lat' dir='ltr'>saeva</span> <span class='ocrx_word' id='word_1_157' title='bbox 1124 2321 1235 2377; x_wconf 90' lang='lat' dir='ltr'>vento-</span> 
     </span>
     <span class='ocr_line' id='line_1_23' title="bbox 208 2404 1234 2490; baseline -0.004 -17"><span class='ocrx_word' id='word_1_158' title='bbox 208 2431 279 2473; x_wconf 89' lang='lat' dir='ltr'>rum</span> <span class='ocrx_word' id='word_1_159' title='bbox 289 2406 449 2485; x_wconf 57' lang='lat' dir='ltr'>&#39;arcentnr3</span> <span class='ocrx_word' id='word_1_160' title='bbox 468 2415 570 2471; x_wconf 85' lang='lat' dir='ltr'>aestas</span> <span class='ocrx_word' id='word_1_161' title='bbox 584 2406 617 2470; x_wconf 91' lang='lat' dir='ltr'>in</span> <span class='ocrx_word' id='word_1_162' title='bbox 630 2406 791 2470; x_wconf 87' lang='lat' dir='ltr'>favonium</span> <span class='ocrx_word' id='word_1_163' title='bbox 804 2404 937 2471; x_wconf 89' lang='lat' dir='ltr'>obversa</span> <span class='ocrx_word' id='word_1_164' title='bbox 950 2415 981 2469; x_wconf 90' lang='lat' dir='ltr'>et</span> <span class='ocrx_word' id='word_1_165' title='bbox 994 2413 1101 2490; x_wconf 90' lang='lat' dir='ltr'>aperto</span> <span class='ocrx_word' id='word_1_166' title='bbox 1116 2405 1234 2469; x_wconf 87' lang='lat' dir='ltr'>circum</span> 
     </span>
     <span class='ocr_line' id='line_1_24' title="bbox 208 2497 1232 2587; baseline -0.004 -22"><span class='ocrx_word' id='word_1_167' title='bbox 208 2501 321 2587; x_wconf 88' lang='lat' dir='ltr'>pelago</span> <span class='ocrx_word' id='word_1_168' title='bbox 339 2522 540 2585; x_wconf 86' lang='lat' dir='ltr'>peramoena3</span> <span class='ocrx_word' id='word_1_169' title='bbox 562 2498 842 2586; x_wconf 86' lang='lat' dir='ltr'>prospectabatque</span> <span class='ocrx_word' id='word_1_170' title='bbox 860 2498 1101 2584; x_wconf 90' lang='lat' dir='ltr'>pulchenimum</span> <span class='ocrx_word' id='word_1_171' title='bbox 1119 2497 1232 2575; x_wconf 92' lang='lat' dir='ltr'>sinum,</span> 
     </span>
     <span class='ocr_line' id='line_1_25' title="bbox 209 2592 1232 2677; baseline -0.003 -19"><span class='ocrx_word' id='word_1_172' title='bbox 209 2603 377 2677; x_wconf 87' lang='lat' dir='ltr'>antequam</span> <span class='ocrx_word' id='word_1_173' title='bbox 393 2592 553 2658; x_wconf 88' lang='lat' dir='ltr'>Vesuvius</span> <span class='ocrx_word' id='word_1_174' title='bbox 576 2616 666 2658; x_wconf 92' lang='lat' dir='ltr'>mons</span> <span class='ocrx_word' id='word_1_175' title='bbox 684 2593 850 2658; x_wconf 85' lang='lat' dir='ltr'>ardescens</span> <span class='ocrx_word' id='word_1_176' title='bbox 872 2592 985 2657; x_wconf 81' lang='lat' dir='ltr'>faciem</span> <span class='ocrx_word' id='word_1_177' title='bbox 1006 2592 1068 2656; x_wconf 90' lang='lat' dir='ltr'>loci</span> <span class='ocrx_word' id='word_1_178' title='bbox 1089 2601 1232 2656; x_wconf 86' lang='lat' dir='ltr'>verteret.</span> 
     </span>
     <span class='ocr_line' id='line_1_26' title="bbox 210 2683 1234 2771; baseline -0.002 -20"><span class='ocrx_word' id='word_1_179' title='bbox 210 2685 349 2752; x_wconf 85' lang='lat' dir='ltr'>Graecos</span> <span class='ocrx_word' id='word_1_180' title='bbox 368 2708 405 2750; x_wconf 87' lang='lat' dir='ltr'>ea</span> <span class='ocrx_word' id='word_1_181' title='bbox 422 2687 561 2751; x_wconf 89' lang='lat' dir='ltr'>tenuisse</span> <span class='ocrx_word' id='word_1_182' title='bbox 580 2685 782 2771; x_wconf 88' lang='lat' dir='ltr'>Capreasque</span> <span class='ocrx_word' id='word_1_183' title='bbox 800 2685 946 2751; x_wconf 83' lang='lat' dir='ltr'>Telebois</span> <span class='ocrx_word' id='word_1_184' title='bbox 968 2683 1123 2749; x_wconf 86' lang='lat' dir='ltr'>habitatas</span> <span class='ocrx_word' id='word_1_185' title='bbox 1147 2684 1234 2749; x_wconf 80' lang='lat' dir='ltr'>fama</span> 
     </span>
     <span class='ocr_line' id='line_1_27' title="bbox 209 2778 1234 2856; baseline -0.001 -13"><span class='ocrx_word' id='word_1_186' title='bbox 209 2780 315 2856; x_wconf 83' lang='lat' dir='ltr'>tradit3</span> <span class='ocrx_word' id='word_1_187' title='bbox 339 2779 479 2844; x_wconf 90' lang='lat' dir='ltr'>sedtum</span> <span class='ocrx_word' id='word_1_188' title='bbox 498 2779 643 2844; x_wconf 82' lang='lat' dir='ltr'>Tiberius</span> <span class='ocrx_word' id='word_1_189' title='bbox 661 2780 827 2845; x_wconf 91' lang='lat' dir='ltr'>duodecim</span> <span class='ocrx_word' id='word_1_190' title='bbox 844 2779 987 2844; x_wconf 87' lang='lat' dir='ltr'>villarum</span> <span class='ocrx_word' id='word_1_191' title='bbox 1003 2778 1183 2845; x_wconf 92' lang='lat' dir='ltr'>nominibus</span> <span class='ocrx_word' id='word_1_192' title='bbox 1202 2792 1234 2843; x_wconf 91' lang='lat' dir='ltr'>et</span> 
     </span>
     <span class='ocr_line' id='line_1_28' title="bbox 209 2871 1232 2959; baseline 0.002 -24"><span class='ocrx_word' id='word_1_193' title='bbox 209 2871 343 2936; x_wconf 92' lang='lat' dir='ltr'>molibus</span> <span class='ocrx_word' id='word_1_194' title='bbox 357 2871 521 2949; x_wconf 86' lang='lat' dir='ltr'>insederat,</span> <span class='ocrx_word' id='word_1_195' title='bbox 541 2882 657 2955; x_wconf 88' lang='lat' dir='ltr'>quanto</span> <span class='ocrx_word' id='word_1_196' title='bbox 670 2873 806 2938; x_wconf 90' lang='lat' dir='ltr'>intentus</span> <span class='ocrx_word' id='word_1_197' title='bbox 825 2872 899 2938; x_wconf 92' lang='lat' dir='ltr'>olim</span> <span class='ocrx_word' id='word_1_198' title='bbox 912 2872 1054 2959; x_wconf 89' lang='lat' dir='ltr'>publicas</span> <span class='ocrx_word' id='word_1_199' title='bbox 1072 2873 1113 2937; x_wconf 86' lang='lat' dir='ltr'>ad</span> <span class='ocrx_word' id='word_1_200' title='bbox 1130 2894 1232 2950; x_wconf 88' lang='lat' dir='ltr'>curas,</span> 
     </span>
     <span class='ocr_line' id='line_1_29' title="bbox 210 2965 1234 3032; baseline 0.003 -3"><span class='ocrx_word' id='word_1_201' title='bbox 210 2973 295 3029; x_wconf 89' lang='lat' dir='ltr'>tanto</span> <span class='ocrx_word' id='word_1_202' title='bbox 313 2965 462 3032; x_wconf 84' lang='lat' dir='ltr'>occultior</span> <span class='ocrx_word' id='word_1_203' title='bbox 478 2965 511 3029; x_wconf 94' lang='lat' dir='ltr'>in</span> <span class='ocrx_word' id='word_1_204' title='bbox 527 2965 620 3030; x_wconf 84' lang='lat' dir='ltr'>luxus</span> <span class='ocrx_word' id='word_1_205' title='bbox 639 2976 670 3030; x_wconf 90' lang='lat' dir='ltr'>et</span> <span class='ocrx_word' id='word_1_206' title='bbox 687 2966 805 3031; x_wconf 84' lang='lat' dir='ltr'>malum</span> <span class='ocrx_word' id='word_1_207' title='bbox 823 2967 921 3031; x_wconf 92' lang='lat' dir='ltr'>otium</span> <span class='ocrx_word' id='word_1_208' title='bbox 937 2967 1107 3032; x_wconf 87' lang='lat' dir='ltr'>resolutus:</span> <span class='ocrx_word' id='word_1_209' title='bbox 1126 2989 1234 3032; x_wconf 90' lang='lat' dir='ltr'>mane-</span> 
     </span>
     <span class='ocr_line' id='line_1_30' title="bbox 209 3058 1235 3144; baseline 0.002 -21"><span class='ocrx_word' id='word_1_210' title='bbox 209 3058 263 3123; x_wconf 90' lang='lat' dir='ltr'>bat</span> <span class='ocrx_word' id='word_1_211' title='bbox 280 3058 395 3143; x_wconf 92' lang='lat' dir='ltr'>quippe</span> <span class='ocrx_word' id='word_1_212' title='bbox 409 3058 621 3144; x_wconf 88' lang='lat' dir='ltr'>suspicionum</span> <span class='ocrx_word' id='word_1_213' title='bbox 638 3069 670 3124; x_wconf 89' lang='lat' dir='ltr'>et</span> <span class='ocrx_word' id='word_1_214' title='bbox 687 3061 832 3128; x_wconf 90' lang='lat' dir='ltr'>credendi</span> <span class='ocrx_word' id='word_1_215' title='bbox 849 3061 1016 3138; x_wconf 85' lang='lat' dir='ltr'>temeritas,</span> <span class='ocrx_word' id='word_1_216' title='bbox 1034 3083 1129 3144; x_wconf 91' lang='lat' dir='ltr'>quam</span> <span class='ocrx_word' id='word_1_217' title='bbox 1143 3058 1235 3126; x_wconf 79' lang='lat' dir='ltr'>Seia-</span> 
     </span>
     <span class='ocr_line' id='line_1_31' title="bbox 210 3153 1233 3239; baseline 0.002 -23"><span class='ocrx_word' id='word_1_218' title='bbox 210 3174 269 3217; x_wconf 91' lang='lat' dir='ltr'>nus</span> <span class='ocrx_word' id='word_1_219' title='bbox 287 3175 402 3239; x_wconf 89' lang='lat' dir='ltr'>augere</span> <span class='ocrx_word' id='word_1_220' title='bbox 420 3154 514 3218; x_wconf 89' lang='lat' dir='ltr'>etiam</span> <span class='ocrx_word' id='word_1_221' title='bbox 530 3154 563 3218; x_wconf 95' lang='lat' dir='ltr'>in</span> <span class='ocrx_word' id='word_1_222' title='bbox 582 3153 657 3218; x_wconf 90' lang='lat' dir='ltr'>urbe</span> <span class='ocrx_word' id='word_1_223' title='bbox 676 3165 783 3219; x_wconf 89' lang='lat' dir='ltr'>suetus</span> <span class='ocrx_word' id='word_1_224' title='bbox 806 3155 908 3219; x_wconf 89' lang='lat' dir='ltr'>acrius</span> <span class='ocrx_word' id='word_1_225' title='bbox 925 3153 1071 3221; x_wconf 89' lang='lat' dir='ltr'>turbabat</span> <span class='ocrx_word' id='word_1_226' title='bbox 1082 3177 1153 3219; x_wconf 86' lang='lat' dir='ltr'>non</span> <span class='ocrx_word' id='word_1_227' title='bbox 1169 3154 1233 3218; x_wconf 91' lang='lat' dir='ltr'>iam</span> 
     </span>
     <span class='ocr_line' id='line_1_32' title="bbox 209 3244 1337 3334; baseline 0.001 -22"><span class='ocrx_word' id='word_1_228' title='bbox 209 3247 338 3312; x_wconf 87' lang='lat' dir='ltr'>occultis</span> <span class='ocrx_word' id='word_1_229' title='bbox 361 3247 527 3314; x_wconf 88' lang='lat' dir='ltr'>adversum</span> <span class='ocrx_word' id='word_1_230' title='bbox 544 3248 754 3334; x_wconf 82' lang='lat' dir='ltr'>Agrippinam</span> <span class='ocrx_word' id='word_1_231' title='bbox 777 3257 808 3313; x_wconf 92' lang='lat' dir='ltr'>et</span> <span class='ocrx_word' id='word_1_232' title='bbox 824 3244 981 3314; x_wconf 89' lang='lat' dir='ltr'>Neronem</span> <span class='ocrx_word' id='word_1_233' title='bbox 1002 3248 1139 3326; x_wconf 85' lang='lat' dir='ltr'>insidiis3</span> <span class='ocrx_word' id='word_1_234' title='bbox 1162 3248 1233 3333; x_wconf 93' lang='lat' dir='ltr'>quis</span> <span class='ocrx_word' id='word_1_235' title='bbox 1335 3244 1337 3248; x_wconf 42' lang='lat'><em>⁴</em></span> 
     </span>
     <span class='ocr_line' id='line_1_33' title="bbox 210 3341 1234 3428; baseline 0.001 -23"><span class='ocrx_word' id='word_1_236' title='bbox 210 3341 333 3406; x_wconf 90' lang='lat' dir='ltr'>additus</span> <span class='ocrx_word' id='word_1_237' title='bbox 356 3342 446 3407; x_wconf 91' lang='lat' dir='ltr'>miles</span> <span class='ocrx_word' id='word_1_238' title='bbox 468 3343 608 3420; x_wconf 90' lang='lat' dir='ltr'>nuntios,</span> <span class='ocrx_word' id='word_1_239' title='bbox 631 3343 790 3421; x_wconf 88' lang='lat' dir='ltr'>introitus,</span> <span class='ocrx_word' id='word_1_240' title='bbox 817 3353 937 3428; x_wconf 87' lang='lat' dir='ltr'>aperta,</span> <span class='ocrx_word' id='word_1_241' title='bbox 961 3352 1080 3408; x_wconf 87' lang='lat' dir='ltr'>secreta</span> <span class='ocrx_word' id='word_1_242' title='bbox 1097 3343 1184 3407; x_wconf 85' lang='lat' dir='ltr'>velut</span> <span class='ocrx_word' id='word_1_243' title='bbox 1201 3343 1234 3406; x_wconf 93' lang='lat' dir='ltr'>in</span> 
     </span>
     <span class='ocr_line' id='line_1_34' title="bbox 210 3434 1235 3523; baseline 0.001 -24"><span class='ocrx_word' id='word_1_244' title='bbox 210 3435 337 3500; x_wconf 88' lang='lat' dir='ltr'>annales</span> <span class='ocrx_word' id='word_1_245' title='bbox 353 3434 517 3514; x_wconf 87' lang='lat' dir='ltr'>referebat,</span> <span class='ocrx_word' id='word_1_246' title='bbox 536 3437 678 3519; x_wconf 90' lang='lat' dir='ltr'>ultroque</span> <span class='ocrx_word' id='word_1_247' title='bbox 697 3436 896 3502; x_wconf 89' lang='lat' dir='ltr'>stmebantur</span> <span class='ocrx_word' id='word_1_248' title='bbox 912 3437 967 3520; x_wconf 93' lang='lat' dir='ltr'>qui</span> <span class='ocrx_word' id='word_1_249' title='bbox 983 3445 1146 3501; x_wconf 89' lang='lat' dir='ltr'>monerent</span> <span class='ocrx_word' id='word_1_250' title='bbox 1163 3458 1235 3523; x_wconf 92' lang='lat' dir='ltr'>per-</span> 
     </span>
     <span class='ocr_line' id='line_1_35' title="bbox 210 3527 1235 3615; baseline 0.001 -22"><span class='ocrx_word' id='word_1_251' title='bbox 210 3529 320 3615; x_wconf 82' lang='lat' dir='ltr'>fugere</span> <span class='ocrx_word' id='word_1_252' title='bbox 341 3530 382 3594; x_wconf 92' lang='lat' dir='ltr'>ad</span> <span class='ocrx_word' id='word_1_253' title='bbox 401 3527 589 3595; x_wconf 88' lang='lat' dir='ltr'>Germaniae</span> <span class='ocrx_word' id='word_1_254' title='bbox 612 3531 764 3596; x_wconf 84' lang='lat' dir='ltr'>exercitus</span> <span class='ocrx_word' id='word_1_255' title='bbox 787 3531 838 3595; x_wconf 90' lang='lat' dir='ltr'>vel</span> <span class='ocrx_word' id='word_1_256' title='bbox 860 3529 1060 3603; x_wconf 90' lang='lat' dir='ltr'>celeberrimo</span> <span class='ocrx_word' id='word_1_257' title='bbox 1082 3530 1143 3595; x_wconf 83' lang='lat' dir='ltr'>fori</span> <span class='ocrx_word' id='word_1_258' title='bbox 1166 3530 1235 3594; x_wconf 87' lang='lat' dir='ltr'>effi-</span> 
     </span>
     <span class='ocr_line' id='line_1_36' title="bbox 210 3618 1235 3710; baseline 0.001 -23"><span class='ocrx_word' id='word_1_259' title='bbox 210 3623 292 3708; x_wconf 86' lang='lat' dir='ltr'>giem</span> <span class='ocrx_word' id='word_1_260' title='bbox 311 3623 376 3688; x_wconf 90' lang='lat' dir='ltr'>divi</span> <span class='ocrx_word' id='word_1_261' title='bbox 388 3618 528 3710; x_wconf 87' lang='lat' dir='ltr'>Augusti</span> <span class='ocrx_word' id='word_1_262' title='bbox 545 3624 691 3710; x_wconf 90' lang='lat' dir='ltr'>amplecti</span> <span class='ocrx_word' id='word_1_263' title='bbox 703 3625 915 3709; x_wconf 90' lang='lat' dir='ltr'>populumque</span> <span class='ocrx_word' id='word_1_264' title='bbox 933 3647 971 3688; x_wconf 88' lang='lat' dir='ltr'>ac</span> <span class='ocrx_word' id='word_1_265' title='bbox 989 3633 1131 3704; x_wconf 87' lang='lat' dir='ltr'>senatum</span> <span class='ocrx_word' id='word_1_266' title='bbox 1145 3625 1235 3690; x_wconf 86' lang='lat' dir='ltr'>auxi-</span> 
     </span>
     <span class='ocr_line' id='line_1_37' title="bbox 210 3717 1236 3804; baseline 0.002 -24"><span class='ocrx_word' id='word_1_267' title='bbox 210 3717 252 3782; x_wconf 92' lang='lat' dir='ltr'>lio</span> <span class='ocrx_word' id='word_1_268' title='bbox 273 3740 398 3796; x_wconf 88' lang='lat' dir='ltr'>vocare,</span> <span class='ocrx_word' id='word_1_269' title='bbox 427 3740 525 3802; x_wconf 89' lang='lat' dir='ltr'>eaque</span> <span class='ocrx_word' id='word_1_270' title='bbox 549 3727 652 3804; x_wconf 89' lang='lat' dir='ltr'>spreta</span> <span class='ocrx_word' id='word_1_271' title='bbox 669 3717 710 3784; x_wconf 90' lang='lat' dir='ltr'>ab</span> <span class='ocrx_word' id='word_1_272' title='bbox 732 3719 807 3797; x_wconf 91' lang='lat' dir='ltr'>illis,</span> <span class='ocrx_word' id='word_1_273' title='bbox 830 3720 915 3784; x_wconf 86' lang='lat' dir='ltr'>velut</span> <span class='ocrx_word' id='word_1_274' title='bbox 932 3727 1091 3804; x_wconf 89' lang='lat' dir='ltr'>pararent,</span> <span class='ocrx_word' id='word_1_275' title='bbox 1119 3718 1236 3787; x_wconf 90' lang='lat' dir='ltr'>obicie-</span> 
     </span>
     <span class='ocr_line' id='line_1_38' title="bbox 210 3810 331 3878; baseline 0 -2"><span class='ocrx_word' id='word_1_276' title='bbox 210 3810 331 3878; x_wconf 89' lang='lat' dir='ltr'>bantur.</span> 
     </span>
    </p>

    <p class='ocr_par' dir='ltr' id='par_1_5' title="bbox 162 3905 1235 4180">
     <span class='ocr_line' id='line_1_39' title="bbox 162 3905 1235 3974; baseline -0.002 -2"><span class='ocrx_word' id='word_1_277' title='bbox 162 3923 193 3972; x_wconf 81' lang='lat'>68</span> <span class='ocrx_word' id='word_1_278' title='bbox 273 3907 359 3972; x_wconf 78' lang='lat' dir='ltr'>Iunio</span> <span class='ocrx_word' id='word_1_279' title='bbox 383 3905 496 3973; x_wconf 78' lang='lat' dir='ltr'>Sumo</span> <span class='ocrx_word' id='word_1_280' title='bbox 520 3917 551 3972; x_wconf 90' lang='lat' dir='ltr'>et</span> <span class='ocrx_word' id='word_1_281' title='bbox 570 3905 653 3973; x_wconf 82' lang='lat' dir='ltr'>Suro</span> <span class='ocrx_word' id='word_1_282' title='bbox 675 3907 785 3973; x_wconf 75' lang='lat' dir='ltr'>Nsnvn</span> <span class='ocrx_word' id='word_1_283' title='bbox 806 3907 986 3974; x_wconf 90' lang='lat' dir='ltr'>consulibus</span> <span class='ocrx_word' id='word_1_284' title='bbox 1009 3906 1138 3972; x_wconf 90' lang='lat' dir='ltr'>foedum</span> <span class='ocrx_word' id='word_1_285' title='bbox 1160 3906 1235 3970; x_wconf 91' lang='lat' dir='ltr'>anni</span> 
     </span>
     <span class='ocr_line' id='line_1_40' title="bbox 210 3999 1235 4084; baseline 0.002 -22"><span class='ocrx_word' id='word_1_286' title='bbox 210 4000 396 4084; x_wconf 91' lang='lat' dir='ltr'>principium</span> <span class='ocrx_word' id='word_1_287' title='bbox 413 4002 540 4066; x_wconf 90' lang='lat' dir='ltr'>incessit</span> <span class='ocrx_word' id='word_1_288' title='bbox 561 4012 660 4067; x_wconf 88' lang='lat' dir='ltr'>tracto</span> <span class='ocrx_word' id='word_1_289' title='bbox 676 4002 710 4066; x_wconf 90' lang='lat' dir='ltr'>in</span> <span class='ocrx_word' id='word_1_290' title='bbox 730 4024 885 4068; x_wconf 89' lang='lat' dir='ltr'>carcerem</span> <span class='ocrx_word' id='word_1_291' title='bbox 906 4001 1029 4067; x_wconf 90' lang='lat' dir='ltr'>inlustri</span> <span class='ocrx_word' id='word_1_292' title='bbox 1046 4000 1149 4084; x_wconf 89' lang='lat' dir='ltr'>equite</span> <span class='ocrx_word' id='word_1_293' title='bbox 1167 3999 1235 4064; x_wconf 90' lang='lat' dir='ltr'>Ro-</span> 
     </span>
     <span class='ocr_line' id='line_1_41' title="bbox 211 4093 1234 4180; baseline 0.004 -23"><span class='ocrx_word' id='word_1_294' title='bbox 211 4116 313 4171; x_wconf 92' lang='lat' dir='ltr'>mano,</span> <span class='ocrx_word' id='word_1_295' title='bbox 332 4095 415 4158; x_wconf 88' lang='lat' dir='ltr'>Titio</span> <span class='ocrx_word' id='word_1_296' title='bbox 431 4093 559 4174; x_wconf 86' lang='lat' dir='ltr'>Sabino,</span> <span class='ocrx_word' id='word_1_297' title='bbox 578 4095 618 4162; x_wconf 93' lang='lat' dir='ltr'>ob</span> <span class='ocrx_word' id='word_1_298' title='bbox 637 4097 804 4162; x_wconf 88' lang='lat' dir='ltr'>amicitiam</span> <span class='ocrx_word' id='word_1_299' title='bbox 819 4095 1012 4164; x_wconf 89' lang='lat' dir='ltr'>Germanioi:</span> <span class='ocrx_word' id='word_1_300' title='bbox 1031 4095 1234 4180; x_wconf 91' lang='lat' dir='ltr'>nequeenim</span> 
     </span>
    </p>
   </div>
   <div class='ocr_carea' id='block_1_3' title="bbox 0 0 1386 4874">
    <p class='ocr_par' dir='ltr' id='par_1_6' title="bbox 0 0 1386 4874">
     <span class='ocr_line' id='line_1_42' title="bbox 0 0 1386 4874; baseline 0 0"><span class='ocrx_word' id='word_1_301' title='bbox 0 0 1386 4874; x_wconf 95' lang='lat' dir='ltr'> </span> 
     </span>
    </p>
   </div>
  </div>
 </body>
</html>
