<?xml version="1.0" encoding="UTF-8"?>
<!DOCTYPE html PUBLIC "-//W3C//DTD XHTML 1.0 Transitional//EN"
    "http://www.w3.org/TR/xhtml1/DTD/xhtml1-transitional.dtd">
<html xmlns="http://www.w3.org/1999/xhtml" xml:lang="en" lang="en">
 <head>
  <title>
</title>
<meta http-equiv="Content-Type" content="text/html;charset=utf-8" />
  <meta name='ocr-system' content='tesseract 3.04.00' />
  <meta name='ocr-capabilities' content='ocr_page ocr_carea ocr_par ocr_line ocrx_word'/>
</head>
<body>
  <div class='ocr_page' id='page_1' title='image "./corneliitacitio01haasgoog_0286.png"; bbox 0 0 2760 4874; ppageno 0'>
   <div class='ocr_carea' id='block_1_1' title="bbox 538 52 590 137">
    <p class='ocr_par' dir='ltr' id='par_1_1' title="bbox 538 52 590 137">
     <span class='ocr_line' id='line_1_1' title="bbox 538 52 590 137; baseline 0 -2"><span class='ocrx_word' id='word_1_1' title='bbox 538 52 590 137; x_wconf 65' lang='lat'><em>0</em></span> 
     </span>
    </p>
   </div>
   <div class='ocr_carea' id='block_1_2' title="bbox 140 360 1247 514">
    <p class='ocr_par' dir='ltr' id='par_1_2' title="bbox 140 360 1247 514">
     <span class='ocr_line' id='line_1_2' title="bbox 396 360 1247 450; baseline 0.002 -24"><span class='ocrx_word' id='word_1_2' title='bbox 396 369 603 429; x_wconf 63' lang='lat' dir='ltr'>aunuum</span> <span class='ocrx_word' id='word_1_3' title='bbox 619 369 693 424; x_wconf 81' lang='lat' dir='ltr'>ura.</span> <span class='ocrx_word' id='word_1_4' title='bbox 707 369 774 425; x_wconf 81' lang='grc' dir='ltr'>ΧΠ.</span> <span class='ocrx_word' id='word_1_5' title='bbox 790 371 911 426; x_wconf 78' lang='lat'><strong>25-30.</strong></span> <span class='ocrx_word' id='word_1_6' title='bbox 932 419 935 424; x_wconf 75' lang='grc'><strong><em>,</em></strong></span> <span class='ocrx_word' id='word_1_7' title='bbox 1099 360 1163 428; x_wconf 78' lang='grc'>209</span> <span class='ocrx_word' id='word_1_8' title='bbox 1243 444 1247 450; x_wconf 32' lang='grc'>,</span> 
     </span>
     <span class='ocr_line' id='line_1_3' title="bbox 140 463 257 514; baseline -0.051 -11"><span class='ocrx_word' id='word_1_9' title='bbox 140 476 162 514; x_wconf 62' lang='grc' dir='ltr'><strong>μ</strong></span> <span class='ocrx_word' id='word_1_10' title='bbox 173 463 214 504; x_wconf 87' lang='lat' dir='ltr'>cn.</span> <span class='ocrx_word' id='word_1_11' title='bbox 224 463 257 502; x_wconf 76' lang='lat' dir='ltr'>ao.</span> 
     </span>
    </p>
   </div>
   <div class='ocr_carea' id='block_1_3' title="bbox 137 526 1165 1175">
    <p class='ocr_par' dir='ltr' id='par_1_3' title="bbox 137 526 1165 1175">
     <span class='ocr_line' id='line_1_4' title="bbox 139 526 1163 615; baseline 0 -20"><span class='ocrx_word' id='word_1_12' title='bbox 139 532 209 595; x_wconf 92' lang='lat' dir='ltr'>nius</span> <span class='ocrx_word' id='word_1_13' title='bbox 219 530 341 615; x_wconf 89' lang='lat' dir='ltr'>legatus</span> <span class='ocrx_word' id='word_1_14' title='bbox 355 527 521 592; x_wconf 84' lang='lat' dir='ltr'>auxiliares</span> <span class='ocrx_word' id='word_1_15' title='bbox 531 526 713 612; x_wconf 85' lang='lat' dir='ltr'><strong>Vangionas</strong></span> <span class='ocrx_word' id='word_1_16' title='bbox 728 549 764 592; x_wconf 91' lang='lat' dir='ltr'>ac</span> <span class='ocrx_word' id='word_1_17' title='bbox 772 527 930 606; x_wconf 89' lang='lat' dir='ltr'>Nemetas,</span> <span class='ocrx_word' id='word_1_18' title='bbox 944 529 1050 595; x_wconf 89' lang='lat' dir='ltr'>addito</span> <span class='ocrx_word' id='word_1_19' title='bbox 1058 531 1163 615; x_wconf 88' lang='lat' dir='ltr'>equite</span> 
     </span>
     <span class='ocr_line' id='line_1_5' title="bbox 138 620 1164 709; baseline 0 -20"><span class='ocrx_word' id='word_1_20' title='bbox 138 625 244 701; x_wconf 83' lang='lat' dir='ltr'>clario,</span> <span class='ocrx_word' id='word_1_21' title='bbox 264 622 398 686; x_wconf 89' lang='lat' dir='ltr'>monitos</span> <span class='ocrx_word' id='word_1_22' title='bbox 416 631 451 686; x_wconf 91' lang='lat' dir='ltr'>ut</span> <span class='ocrx_word' id='word_1_23' title='bbox 464 621 616 686; x_wconf 84' lang='lat' dir='ltr'>anteirent</span> <span class='ocrx_word' id='word_1_24' title='bbox 628 620 827 706; x_wconf 85' lang='lat' dir='ltr'>populatores</span> <span class='ocrx_word' id='word_1_25' title='bbox 845 622 895 686; x_wconf 87' lang='lat' dir='ltr'>vel</span> <span class='ocrx_word' id='word_1_26' title='bbox 913 623 1041 708; x_wconf 80' lang='lat' dir='ltr'>dilapsis</span> <span class='ocrx_word' id='word_1_27' title='bbox 1059 624 1164 709; x_wconf 93' lang='lat' dir='ltr'>inpro-</span> 
     </span>
     <span class='ocr_line' id='line_1_6' title="bbox 139 715 1165 784; baseline 0 -1"><span class='ocrx_word' id='word_1_28' title='bbox 139 719 199 783; x_wconf 86' lang='lat' dir='ltr'>visi</span> <span class='ocrx_word' id='word_1_29' title='bbox 218 716 550 782; x_wconf 82' lang='lat' dir='ltr'>circumfunderentur:</span> <span class='ocrx_word' id='word_1_30' title='bbox 569 723 600 778; x_wconf 90' lang='lat' dir='ltr'>et</span> <span class='ocrx_word' id='word_1_31' title='bbox 614 723 721 779; x_wconf 87' lang='lat' dir='ltr'>secuta</span> <span class='ocrx_word' id='word_1_32' title='bbox 734 715 897 780; x_wconf 90' lang='lat' dir='ltr'>consilium</span> <span class='ocrx_word' id='word_1_33' title='bbox 911 717 999 780; x_wconf 89' lang='lat' dir='ltr'>ducis</span> <span class='ocrx_word' id='word_1_34' title='bbox 1012 717 1165 784; x_wconf 87' lang='lat' dir='ltr'>industria</span> 
     </span>
     <span class='ocr_line' id='line_1_7' title="bbox 138 808 1165 896; baseline -0.002 -20"><span class='ocrx_word' id='word_1_35' title='bbox 138 811 286 887; x_wconf 83' lang='lat' dir='ltr'>militurn,</span> <span class='ocrx_word' id='word_1_36' title='bbox 305 809 458 891; x_wconf 89' lang='lat' dir='ltr'>divisique</span> <span class='ocrx_word' id='word_1_37' title='bbox 475 808 509 871; x_wconf 93' lang='lat' dir='ltr'>in</span> <span class='ocrx_word' id='word_1_38' title='bbox 526 808 588 872; x_wconf 95' lang='lat' dir='ltr'>duo</span> <span class='ocrx_word' id='word_1_39' title='bbox 606 808 741 893; x_wconf 86' lang='lat' dir='ltr'>agmina,</span> <span class='ocrx_word' id='word_1_40' title='bbox 760 809 814 891; x_wconf 93' lang='lat' dir='ltr'>qui</span> <span class='ocrx_word' id='word_1_41' title='bbox 830 808 954 873; x_wconf 86' lang='lat' dir='ltr'>laevum</span> <span class='ocrx_word' id='word_1_42' title='bbox 972 810 1030 874; x_wconf 88' lang='lat' dir='ltr'>iter</span> <span class='ocrx_word' id='word_1_43' title='bbox 1046 811 1165 896; x_wconf 88' lang='lat' dir='ltr'>petive-</span> 
     </span>
     <span class='ocr_line' id='line_1_8' title="bbox 137 901 1164 986; baseline -0.001 -17"><span class='ocrx_word' id='word_1_44' title='bbox 137 914 218 983; x_wconf 89' lang='lat' dir='ltr'>rant,</span> <span class='ocrx_word' id='word_1_45' title='bbox 236 926 344 968; x_wconf 88' lang='lat' dir='ltr'>reeens</span> <span class='ocrx_word' id='word_1_46' title='bbox 362 923 505 966; x_wconf 85' lang='lat' dir='ltr'>reversos</span> <span class='ocrx_word' id='word_1_47' title='bbox 518 901 695 986; x_wconf 88' lang='lat' dir='ltr'>praedaque</span> <span class='ocrx_word' id='word_1_48' title='bbox 713 923 769 986; x_wconf 89' lang='lat' dir='ltr'>per</span> <span class='ocrx_word' id='word_1_49' title='bbox 785 901 895 966; x_wconf 85' lang='lat' dir='ltr'>luxum</span> <span class='ocrx_word' id='word_1_50' title='bbox 912 925 986 968; x_wconf 90' lang='lat' dir='ltr'>usos</span> <span class='ocrx_word' id='word_1_51' title='bbox 1005 913 1036 968; x_wconf 90' lang='lat' dir='ltr'>et</span> <span class='ocrx_word' id='word_1_52' title='bbox 1054 926 1164 969; x_wconf 88' lang='lat' dir='ltr'>somno</span> 
     </span>
     <span class='ocr_line' id='line_1_9' title="bbox 138 994 1164 1084; baseline -0.002 -21"><span class='ocrx_word' id='word_1_53' title='bbox 138 1020 252 1084; x_wconf 88' lang='lat' dir='ltr'>graves</span> <span class='ocrx_word' id='word_1_54' title='bbox 266 997 496 1061; x_wconf 89' lang='lat' dir='ltr'>circumvenere</span> <span class='ocrx_word' id='word_1_55' title='bbox 501 1020 510 1072; x_wconf 93' lang='lat'>;</span> <span class='ocrx_word' id='word_1_56' title='bbox 529 1003 620 1059; x_wconf 88' lang='lat' dir='ltr'>aucta</span> <span class='ocrx_word' id='word_1_57' title='bbox 637 994 763 1071; x_wconf 87' lang='lat' dir='ltr'>laetitia,</span> <span class='ocrx_word' id='word_1_58' title='bbox 782 996 866 1079; x_wconf 88' lang='lat' dir='ltr'>quod</span> <span class='ocrx_word' id='word_1_59' title='bbox 879 997 1033 1080; x_wconf 90' lang='lat' dir='ltr'>quosdam</span> <span class='ocrx_word' id='word_1_60' title='bbox 1045 1019 1062 1061; x_wconf 92' lang='lat' dir='ltr'>e</span> <span class='ocrx_word' id='word_1_61' title='bbox 1076 997 1164 1061; x_wconf 89' lang='lat' dir='ltr'>clade</span> 
     </span>
     <span class='ocr_line' id='line_1_10' title="bbox 137 1089 1162 1175; baseline -0.001 -18"><span class='ocrx_word' id='word_1_62' title='bbox 137 1091 277 1157; x_wconf 76' lang='lat' dir='ltr'>Variana</span> <span class='ocrx_word' id='word_1_63' title='bbox 293 1089 589 1175; x_wconf 84' lang='lat' dir='ltr'>quadragensimum</span> <span class='ocrx_word' id='word_1_64' title='bbox 606 1097 678 1173; x_wconf 88' lang='lat' dir='ltr'>post</span> <span class='ocrx_word' id='word_1_65' title='bbox 695 1112 812 1153; x_wconf 89' lang='lat' dir='ltr'>annum</span> <span class='ocrx_word' id='word_1_66' title='bbox 831 1091 956 1155; x_wconf 89' lang='lat' dir='ltr'>servitio</span> <span class='ocrx_word' id='word_1_67' title='bbox 975 1101 1162 1156; x_wconf 81' lang='lat' dir='ltr'>exemerent.</span> 
     </span>
    </p>
   </div>
   <div class='ocr_carea' id='block_1_4' title="bbox 138 1182 1328 1273">
    <p class='ocr_par' dir='ltr' id='par_1_4' title="bbox 138 1182 1328 1273">
     <span class='ocr_line' id='line_1_11' title="bbox 138 1182 1328 1273; baseline 0.003 -23"><span class='ocrx_word' id='word_1_68' title='bbox 138 1194 172 1250; x_wconf 92' lang='lat' dir='ltr'>at</span> <span class='ocrx_word' id='word_1_69' title='bbox 188 1185 243 1268; x_wconf 93' lang='lat' dir='ltr'>qui</span> <span class='ocrx_word' id='word_1_70' title='bbox 260 1183 376 1247; x_wconf 83' lang='lat' dir='ltr'>dextris</span> <span class='ocrx_word' id='word_1_71' title='bbox 391 1193 422 1246; x_wconf 87' lang='lat' dir='ltr'>et</span> <span class='ocrx_word' id='word_1_72' title='bbox 434 1182 630 1267; x_wconf 89' lang='lat' dir='ltr'>propioribus</span> <span class='ocrx_word' id='word_1_73' title='bbox 645 1183 836 1268; x_wconf 85' lang='lat' dir='ltr'>compendiis</span> <span class='ocrx_word' id='word_1_74' title='bbox 849 1184 956 1262; x_wconf 89' lang='lat' dir='ltr'>ierant,</span> <span class='ocrx_word' id='word_1_75' title='bbox 976 1184 1069 1250; x_wconf 92' lang='lat' dir='ltr'>obvio</span> <span class='ocrx_word' id='word_1_76' title='bbox 1081 1184 1164 1250; x_wconf 92' lang='lat' dir='ltr'>hosti</span> <span class='ocrx_word' id='word_1_77' title='bbox 1182 1205 1214 1253; x_wconf 80' lang='lat'>28</span> <span class='ocrx_word' id='word_1_78' title='bbox 1324 1266 1328 1273; x_wconf 20' lang='lat'><strong><em>⁹</em></strong></span> 
     </span>
    </p>
   </div>
   <div class='ocr_carea' id='block_1_5' title="bbox 137 1276 1239 4260">
    <p class='ocr_par' dir='ltr' id='par_1_5' title="bbox 137 1276 1239 4260">
     <span class='ocr_line' id='line_1_12' title="bbox 138 1276 1165 1362; baseline 0 -19"><span class='ocrx_word' id='word_1_79' title='bbox 138 1287 171 1343; x_wconf 89' lang='lat' dir='ltr'>et</span> <span class='ocrx_word' id='word_1_80' title='bbox 187 1278 286 1342; x_wconf 87' lang='lat' dir='ltr'>aciem</span> <span class='ocrx_word' id='word_1_81' title='bbox 298 1299 376 1340; x_wconf 90' lang='lat' dir='ltr'>auso</span> <span class='ocrx_word' id='word_1_82' title='bbox 394 1276 465 1361; x_wconf 91' lang='lat' dir='ltr'>plus</span> <span class='ocrx_word' id='word_1_83' title='bbox 484 1277 581 1340; x_wconf 92' lang='lat' dir='ltr'>cladis</span> <span class='ocrx_word' id='word_1_84' title='bbox 595 1276 723 1353; x_wconf 90' lang='lat' dir='ltr'>faciunt,</span> <span class='ocrx_word' id='word_1_85' title='bbox 742 1285 774 1341; x_wconf 91' lang='lat' dir='ltr'>et</span> <span class='ocrx_word' id='word_1_86' title='bbox 790 1277 906 1362; x_wconf 88' lang='lat' dir='ltr'>pracda</span> <span class='ocrx_word' id='word_1_87' title='bbox 923 1279 1069 1362; x_wconf 84' lang='lat' dir='ltr'>famaque</span> <span class='ocrx_word' id='word_1_88' title='bbox 1087 1301 1165 1343; x_wconf 91' lang='lat' dir='ltr'>onu-</span> 
     </span>
     <span class='ocr_line' id='line_1_13' title="bbox 139 1369 1164 1457; baseline 0.002 -22"><span class='ocrx_word' id='word_1_89' title='bbox 139 1372 181 1436; x_wconf 89' lang='lat' dir='ltr'>sti</span> <span class='ocrx_word' id='word_1_90' title='bbox 198 1371 239 1435; x_wconf 87' lang='lat' dir='ltr'>ad</span> <span class='ocrx_word' id='word_1_91' title='bbox 256 1380 393 1435; x_wconf 86' lang='lat' dir='ltr'>montem</span> <span class='ocrx_word' id='word_1_92' title='bbox 412 1369 560 1434; x_wconf 79' lang='lat' dir='ltr'>Taunum</span> <span class='ocrx_word' id='word_1_93' title='bbox 576 1381 785 1447; x_wconf 86' lang='lat' dir='ltr'>revertuntur,</span> <span class='ocrx_word' id='word_1_94' title='bbox 809 1371 863 1436; x_wconf 91' lang='lat' dir='ltr'>ubi</span> <span class='ocrx_word' id='word_1_95' title='bbox 879 1370 1074 1457; x_wconf 91' lang='lat' dir='ltr'>Pomponius</span> <span class='ocrx_word' id='word_1_96' title='bbox 1092 1394 1164 1437; x_wconf 89' lang='lat' dir='ltr'>cum</span> 
     </span>
     <span class='ocr_line' id='line_1_14' title="bbox 137 1463 1166 1550; baseline 0.004 -22"><span class='ocrx_word' id='word_1_97' title='bbox 137 1464 314 1550; x_wconf 87' lang='lat' dir='ltr'>legionibus</span> <span class='ocrx_word' id='word_1_98' title='bbox 333 1463 564 1548; x_wconf 89' lang='lat' dir='ltr'>opperiebatur,</span> <span class='ocrx_word' id='word_1_99' title='bbox 588 1465 615 1528; x_wconf 89' lang='lat' dir='ltr'>si</span> <span class='ocrx_word' id='word_1_100' title='bbox 634 1463 741 1529; x_wconf 84' lang='lat' dir='ltr'>Chatti</span> <span class='ocrx_word' id='word_1_101' title='bbox 759 1465 904 1550; x_wconf 91' lang='lat' dir='ltr'>cupidine</span> <span class='ocrx_word' id='word_1_102' title='bbox 925 1467 1096 1531; x_wconf 90' lang='lat' dir='ltr'>ulciscendi</span> <span class='ocrx_word' id='word_1_103' title='bbox 1114 1488 1166 1531; x_wconf 89' lang='lat' dir='ltr'>ca-</span> 
     </span>
     <span class='ocr_line' id='line_1_15' title="bbox 138 1557 1227 1643; baseline 0.004 -22"><span class='ocrx_word' id='word_1_104' title='bbox 138 1563 211 1622; x_wconf 85' lang='lat' dir='ltr'>sum</span> <span class='ocrx_word' id='word_1_105' title='bbox 228 1580 352 1643; x_wconf 84' lang='lat' dir='ltr'>pugnae</span> <span class='ocrx_word' id='word_1_106' title='bbox 365 1557 564 1643; x_wconf 87' lang='lat' dir='ltr'>praeberent:</span> <span class='ocrx_word' id='word_1_107' title='bbox 582 1558 627 1622; x_wconf 92' lang='lat' dir='ltr'>illi</span> <span class='ocrx_word' id='word_1_108' title='bbox 644 1569 739 1636; x_wconf 89' lang='lat' dir='ltr'>metu,</span> <span class='ocrx_word' id='word_1_109' title='bbox 758 1571 804 1623; x_wconf 69' lang='lat' dir='ltr'>ne‘</span> <span class='ocrx_word' id='word_1_110' title='bbox 815 1559 888 1624; x_wconf 90' lang='lat' dir='ltr'>hinc</span> <span class='ocrx_word' id='word_1_111' title='bbox 901 1560 1073 1637; x_wconf 86' lang='lat' dir='ltr'>Romanus,</span> <span class='ocrx_word' id='word_1_112' title='bbox 1092 1560 1165 1625; x_wconf 92' lang='lat' dir='ltr'>inde</span> <span class='ocrx_word' id='word_1_113' title='bbox 1223 1626 1227 1633; x_wconf 71' lang='grc'><strong>,</strong></span> 
     </span>
     <span class='ocr_line' id='line_1_16' title="bbox 140 1650 1166 1740; baseline 0 -24"><span class='ocrx_word' id='word_1_114' title='bbox 140 1650 302 1728; x_wconf 84' lang='lat' dir='ltr'>Cherusci,</span> <span class='ocrx_word' id='word_1_115' title='bbox 321 1674 393 1716; x_wconf 90' lang='lat' dir='ltr'>cum</span> <span class='ocrx_word' id='word_1_116' title='bbox 411 1651 480 1734; x_wconf 88' lang='lat' dir='ltr'>quis</span> <span class='ocrx_word' id='word_1_117' title='bbox 499 1661 658 1716; x_wconf 89' lang='lat' dir='ltr'>aeternum</span> <span class='ocrx_word' id='word_1_118' title='bbox 677 1652 864 1731; x_wconf 87' lang='lat' dir='ltr'>discordant,</span> <span class='ocrx_word' id='word_1_119' title='bbox 884 1654 1166 1740; x_wconf 88' lang='lat' dir='ltr'>circumgrederen-</span> 
     </span>
     <span class='ocr_line' id='line_1_17' title="bbox 138 1744 1166 1832; baseline 0.001 -21"><span class='ocrx_word' id='word_1_120' title='bbox 138 1757 199 1824; x_wconf 92' lang='lat' dir='ltr'>tur,</span> <span class='ocrx_word' id='word_1_121' title='bbox 217 1746 336 1832; x_wconf 91' lang='lat' dir='ltr'>legatos</span> <span class='ocrx_word' id='word_1_122' title='bbox 355 1747 388 1809; x_wconf 93' lang='lat' dir='ltr'>in</span> <span class='ocrx_word' id='word_1_123' title='bbox 399 1744 510 1810; x_wconf 90' lang='lat' dir='ltr'>urbem</span> <span class='ocrx_word' id='word_1_124' title='bbox 523 1755 554 1810; x_wconf 95' lang='lat' dir='ltr'>et</span> <span class='ocrx_word' id='word_1_125' title='bbox 567 1746 693 1811; x_wconf 85' lang='lat' dir='ltr'>obsides</span> <span class='ocrx_word' id='word_1_126' title='bbox 707 1747 819 1812; x_wconf 89' lang='lat' dir='ltr'>misere</span> <span class='ocrx_word' id='word_1_127' title='bbox 825 1772 834 1824; x_wconf 93' lang='lat'>;</span> <span class='ocrx_word' id='word_1_128' title='bbox 852 1747 1058 1830; x_wconf 88' lang='lat' dir='ltr'>decretusque</span> <span class='ocrx_word' id='word_1_129' title='bbox 1069 1746 1166 1812; x_wconf 91' lang='lat' dir='ltr'>Pom-</span> 
     </span>
     <span class='ocr_line' id='line_1_18' title="bbox 137 1840 1166 1927; baseline 0.001 -23"><span class='ocrx_word' id='word_1_130' title='bbox 137 1841 233 1926; x_wconf 88' lang='lat' dir='ltr'>ponio</span> <span class='ocrx_word' id='word_1_131' title='bbox 255 1841 451 1925; x_wconf 89' lang='lat' dir='ltr'>triumphalis</span> <span class='ocrx_word' id='word_1_132' title='bbox 473 1840 588 1918; x_wconf 88' lang='lat' dir='ltr'>honos,</span> <span class='ocrx_word' id='word_1_133' title='bbox 615 1841 738 1905; x_wconf 90' lang='lat' dir='ltr'>modica</span> <span class='ocrx_word' id='word_1_134' title='bbox 758 1863 831 1926; x_wconf 91' lang='lat' dir='ltr'>pars</span> <span class='ocrx_word' id='word_1_135' title='bbox 858 1841 961 1907; x_wconf 89' lang='lat' dir='ltr'>famae</span> <span class='ocrx_word' id='word_1_136' title='bbox 988 1842 1055 1907; x_wconf 89' lang='lat' dir='ltr'>eius</span> <span class='ocrx_word' id='word_1_137' title='bbox 1081 1842 1166 1927; x_wconf 93' lang='lat' dir='ltr'>apud</span> 
     </span>
     <span class='ocr_line' id='line_1_19' title="bbox 137 1931 1149 2020; baseline 0.001 -22"><span class='ocrx_word' id='word_1_138' title='bbox 137 1944 295 2020; x_wconf 89' lang='lat' dir='ltr'>posteros,</span> <span class='ocrx_word' id='word_1_139' title='bbox 314 1935 436 2017; x_wconf 90' lang='lat' dir='ltr'>inquis</span> <span class='ocrx_word' id='word_1_140' title='bbox 456 1935 628 1999; x_wconf 90' lang='lat' dir='ltr'>carminum</span> <span class='ocrx_word' id='word_1_141' title='bbox 645 1935 746 2020; x_wconf 88' lang='lat' dir='ltr'>gloria</span> <span class='ocrx_word' id='word_1_142' title='bbox 761 1936 930 2020; x_wconf 89' lang='lat' dir='ltr'>praecellit.</span> <span class='ocrx_word' id='word_1_143' title='bbox 1144 1931 1149 1941; x_wconf 81' lang='lat'>&#39;</span> 
     </span>
     <span class='ocr_line' id='line_1_20' title="bbox 202 2027 1214 2114; baseline 0.004 -20"><span class='ocrx_word' id='word_1_144' title='bbox 202 2029 266 2094; x_wconf 91' lang='lat' dir='ltr'>Pcr</span> <span class='ocrx_word' id='word_1_145' title='bbox 282 2030 366 2094; x_wconf 91' lang='lat' dir='ltr'>idem</span> <span class='ocrx_word' id='word_1_146' title='bbox 384 2040 507 2114; x_wconf 90' lang='lat' dir='ltr'>tempus</span> <span class='ocrx_word' id='word_1_147' title='bbox 521 2028 663 2095; x_wconf 87' lang='lat' dir='ltr'>Vannius</span> <span class='ocrx_word' id='word_1_148' title='bbox 679 2028 792 2097; x_wconf 84' lang='lat' dir='ltr'>Suevis</span> <span class='ocrx_word' id='word_1_149' title='bbox 811 2030 950 2094; x_wconf 87' lang='lat' dir='ltr'>aDruso</span> <span class='ocrx_word' id='word_1_150' title='bbox 965 2027 1101 2094; x_wconf 87' lang='lat' dir='ltr'>Caesare</span> <span class='ocrx_word' id='word_1_151' title='bbox 1118 2030 1165 2093; x_wconf 89' lang='lat' dir='ltr'>in·</span> <span class='ocrx_word' id='word_1_152' title='bbox 1183 2051 1214 2098; x_wconf 78' lang='lat'>29</span> 
     </span>
     <span class='ocr_line' id='line_1_21' title="bbox 137 2123 1166 2209; baseline 0 -21"><span class='ocrx_word' id='word_1_153' title='bbox 137 2124 260 2209; x_wconf 88' lang='lat' dir='ltr'>positus</span> <span class='ocrx_word' id='word_1_154' title='bbox 273 2123 398 2208; x_wconf 87' lang='lat' dir='ltr'>pellitur</span> <span class='ocrx_word' id='word_1_155' title='bbox 409 2145 516 2208; x_wconf 90' lang='lat' dir='ltr'>regno,</span> <span class='ocrx_word' id='word_1_156' title='bbox 531 2123 632 2208; x_wconf 91' lang='lat' dir='ltr'>prima</span> <span class='ocrx_word' id='word_1_157' title='bbox 643 2124 766 2209; x_wconf 88' lang='lat' dir='ltr'>imperii</span> <span class='ocrx_word' id='word_1_158' title='bbox 779 2133 879 2187; x_wconf 84' lang='lat' dir='ltr'>aetate</span> <span class='ocrx_word' id='word_1_159' title='bbox 893 2124 994 2188; x_wconf 91' lang='lat' dir='ltr'>clarus</span> <span class='ocrx_word' id='word_1_160' title='bbox 1004 2133 1166 2208; x_wconf 89' lang='lat' dir='ltr'>acceptus·</span> 
     </span>
     <span class='ocr_line' id='line_1_22' title="bbox 138 2216 1163 2302; baseline 0.001 -22"><span class='ocrx_word' id='word_1_161' title='bbox 138 2239 201 2301; x_wconf 91' lang='lat' dir='ltr'>que</span> <span class='ocrx_word' id='word_1_162' title='bbox 218 2216 436 2302; x_wconf 88' lang='lat' dir='ltr'>popularibus,</span> <span class='ocrx_word' id='word_1_163' title='bbox 459 2239 534 2281; x_wconf 91' lang='lat' dir='ltr'>mox</span> <span class='ocrx_word' id='word_1_164' title='bbox 555 2217 757 2282; x_wconf 89' lang='lat' dir='ltr'>diuturnitate</span> <span class='ocrx_word' id='word_1_165' title='bbox 777 2217 810 2282; x_wconf 89' lang='lat' dir='ltr'>in</span> <span class='ocrx_word' id='word_1_166' title='bbox 829 2217 1007 2302; x_wconf 88' lang='lat' dir='ltr'>superbiam</span> <span class='ocrx_word' id='word_1_167' title='bbox 1028 2226 1163 2294; x_wconf 87' lang='lat' dir='ltr'>mutans,</span> 
     </span>
     <span class='ocr_line' id='line_1_23' title="bbox 138 2309 1165 2387; baseline -0.003 -12"><span class='ocrx_word' id='word_1_168' title='bbox 138 2320 172 2376; x_wconf 88' lang='lat' dir='ltr'>ct</span> <span class='ocrx_word' id='word_1_169' title='bbox 188 2311 259 2375; x_wconf 91' lang='lat' dir='ltr'>odio</span> <span class='ocrx_word' id='word_1_170' title='bbox 277 2310 462 2387; x_wconf 90' lang='lat' dir='ltr'>accolarum,</span> <span class='ocrx_word' id='word_1_171' title='bbox 483 2310 575 2373; x_wconf 88' lang='lat' dir='ltr'>simul</span> <span class='ocrx_word' id='word_1_172' title='bbox 594 2309 772 2374; x_wconf 88' lang='lat' dir='ltr'>domesticis</span> <span class='ocrx_word' id='word_1_173' title='bbox 791 2310 953 2375; x_wconf 90' lang='lat' dir='ltr'>discordiis</span> <span class='ocrx_word' id='word_1_174' title='bbox 972 2310 1165 2374; x_wconf 84' lang='lat' dir='ltr'>circumven-</span> 
     </span>
     <span class='ocr_line' id='line_1_24' title="bbox 137 2401 1166 2482; baseline -0.004 -12"><span class='ocrx_word' id='word_1_175' title='bbox 137 2416 206 2482; x_wconf 86' lang='lat' dir='ltr'>tus3</span> <span class='ocrx_word' id='word_1_176' title='bbox 225 2414 365 2469; x_wconf 87' lang='lat' dir='ltr'>auctores</span> <span class='ocrx_word' id='word_1_177' title='bbox 379 2404 467 2469; x_wconf 90' lang='lat' dir='ltr'>fuere</span> <span class='ocrx_word' id='word_1_178' title='bbox 479 2403 625 2480; x_wconf 87' lang='lat' dir='ltr'>Vibilius,</span> <span class='ocrx_word' id='word_1_179' title='bbox 644 2403 938 2469; x_wconf 89' lang='lat' dir='ltr'>Hermundurorum</span> <span class='ocrx_word' id='word_1_180' title='bbox 950 2426 1015 2481; x_wconf 85' lang='lat' dir='ltr'>rex,</span> <span class='ocrx_word' id='word_1_181' title='bbox 1031 2401 1065 2468; x_wconf 76' lang='lat' dir='ltr'>‘et</span> <span class='ocrx_word' id='word_1_182' title='bbox 1078 2402 1166 2467; x_wconf 85' lang='lat' dir='ltr'>Van-</span> 
     </span>
     <span class='ocr_line' id='line_1_25' title="bbox 137 2496 1166 2584; baseline -0.002 -22"><span class='ocrx_word' id='word_1_183' title='bbox 137 2499 193 2584; x_wconf 88' lang='lat' dir='ltr'>gio</span> <span class='ocrx_word' id='word_1_184' title='bbox 216 2520 252 2562; x_wconf 89' lang='lat' dir='ltr'>ae</span> <span class='ocrx_word' id='word_1_185' title='bbox 272 2496 363 2576; x_wconf 85' lang='lat' dir='ltr'>Sido,</span> <span class='ocrx_word' id='word_1_186' title='bbox 388 2520 492 2562; x_wconf 90' lang='lat' dir='ltr'>sorore</span> <span class='ocrx_word' id='word_1_187' title='bbox 514 2497 631 2562; x_wconf 91' lang='lat' dir='ltr'>Vannii</span> <span class='ocrx_word' id='word_1_188' title='bbox 653 2498 759 2583; x_wconf 88' lang='lat' dir='ltr'>geniti.</span> <span class='ocrx_word' id='word_1_189' title='bbox 786 2520 844 2562; x_wconf 89' lang='lat' dir='ltr'>nec</span> <span class='ocrx_word' id='word_1_190' title='bbox 867 2497 1033 2574; x_wconf 87' lang='lat' dir='ltr'>Claudius,</span> <span class='ocrx_word' id='word_1_191' title='bbox 1056 2518 1166 2580; x_wconf 90' lang='lat' dir='ltr'>quarn-</span> 
     </span>
     <span class='ocr_line' id='line_1_26' title="bbox 138 2590 1164 2676; baseline -0.003 -21"><span class='ocrx_word' id='word_1_192' title='bbox 138 2615 236 2675; x_wconf 90' lang='lat' dir='ltr'>quam</span> <span class='ocrx_word' id='word_1_193' title='bbox 254 2614 347 2676; x_wconf 88' lang='lat' dir='ltr'>saepe</span> <span class='ocrx_word' id='word_1_194' title='bbox 366 2602 480 2669; x_wconf 89' lang='lat' dir='ltr'>oratus,</span> <span class='ocrx_word' id='word_1_195' title='bbox 500 2615 587 2656; x_wconf 86' lang='lat' dir='ltr'>anna</span> <span class='ocrx_word' id='word_1_196' title='bbox 604 2590 794 2656; x_wconf 85' lang='lat' dir='ltr'>certantibus</span> <span class='ocrx_word' id='word_1_197' title='bbox 812 2591 952 2656; x_wconf 88' lang='lat' dir='ltr'>barbaris</span> <span class='ocrx_word' id='word_1_198' title='bbox 970 2590 1164 2675; x_wconf 86' lang='lat' dir='ltr'>interposuit,</span> 
     </span>
     <span class='ocr_line' id='line_1_27' title="bbox 138 2675 1167 2771; baseline -0.002 -22"><span class='ocrx_word' id='word_1_199' title='bbox 138 2695 241 2749; x_wconf 88' lang='lat' dir='ltr'>tutum</span> <span class='ocrx_word' id='word_1_200' title='bbox 255 2675 379 2750; x_wconf 76' lang='lat' dir='ltr'>Vanmo</span> <span class='ocrx_word' id='word_1_201' title='bbox 392 2685 571 2770; x_wconf 80' lang='lat' dir='ltr'>perfugium</span> <span class='ocrx_word' id='word_1_202' title='bbox 583 2685 777 2771; x_wconf 90' lang='lat' dir='ltr'>promittens,</span> <span class='ocrx_word' id='word_1_203' title='bbox 792 2686 819 2750; x_wconf 92' lang='lat' dir='ltr'>si</span> <span class='ocrx_word' id='word_1_204' title='bbox 832 2685 997 2771; x_wconf 90' lang='lat' dir='ltr'>pelleretur</span> <span class='ocrx_word' id='word_1_205' title='bbox 1001 2710 1010 2762; x_wconf 93' lang='lat'>;</span> <span class='ocrx_word' id='word_1_206' title='bbox 1029 2683 1167 2769; x_wconf 85' lang='lat' dir='ltr'>scripsit-</span> 
     </span>
     <span class='ocr_line' id='line_1_28' title="bbox 139 2777 1239 2864; baseline 0 -23"><span class='ocrx_word' id='word_1_207' title='bbox 139 2800 202 2862; x_wconf 91' lang='lat' dir='ltr'>que</span> <span class='ocrx_word' id='word_1_208' title='bbox 219 2777 372 2864; x_wconf 90' lang='lat' dir='ltr'>Palpellio</span> <span class='ocrx_word' id='word_1_209' title='bbox 396 2779 519 2856; x_wconf 90' lang='lat' dir='ltr'>Histro,</span> <span class='ocrx_word' id='word_1_210' title='bbox 542 2779 597 2861; x_wconf 91' lang='lat' dir='ltr'>qui</span> <span class='ocrx_word' id='word_1_211' title='bbox 618 2779 814 2844; x_wconf 90' lang='lat' dir='ltr'>Pannoniam</span> <span class='ocrx_word' id='word_1_212' title='bbox 835 2777 1046 2864; x_wconf 90' lang='lat' dir='ltr'>praesidebat,</span> <span class='ocrx_word' id='word_1_213' title='bbox 1069 2777 1167 2863; x_wconf 89' lang='lat' dir='ltr'>legio·</span> <span class='ocrx_word' id='word_1_214' title='bbox 1237 2779 1239 2785; x_wconf 80' lang='grc'><em>’</em></span> 
     </span>
     <span class='ocr_line' id='line_1_29' title="bbox 138 2873 1166 2959; baseline -0.001 -23"><span class='ocrx_word' id='word_1_215' title='bbox 138 2895 211 2936; x_wconf 91' lang='lat' dir='ltr'>nem</span> <span class='ocrx_word' id='word_1_216' title='bbox 226 2873 356 2957; x_wconf 89' lang='lat' dir='ltr'>ipsaque</span> <span class='ocrx_word' id='word_1_217' title='bbox 374 2895 391 2937; x_wconf 89' lang='lat' dir='ltr'>e</span> <span class='ocrx_word' id='word_1_218' title='bbox 408 2873 570 2958; x_wconf 87' lang='lat' dir='ltr'>provincia</span> <span class='ocrx_word' id='word_1_219' title='bbox 582 2873 664 2938; x_wconf 88' lang='lat' dir='ltr'>lecta</span> <span class='ocrx_word' id='word_1_220' title='bbox 681 2873 797 2939; x_wconf 87' lang='lat' dir='ltr'>auxilia</span> <span class='ocrx_word' id='word_1_221' title='bbox 813 2896 870 2959; x_wconf 89' lang='lat' dir='ltr'>pro</span> <span class='ocrx_word' id='word_1_222' title='bbox 887 2873 955 2958; x_wconf 89' lang='lat' dir='ltr'>ripa</span> <span class='ocrx_word' id='word_1_223' title='bbox 970 2893 1166 2958; x_wconf 87' lang='lat' dir='ltr'>componere,</span> 
     </span>
     <span class='ocr_line' id='line_1_30' title="bbox 140 2966 1168 3045; baseline 0.003 -15"><span class='ocrx_word' id='word_1_224' title='bbox 140 2966 282 3031; x_wconf 89' lang='lat' dir='ltr'>subsidio</span> <span class='ocrx_word' id='word_1_225' title='bbox 303 2967 394 3032; x_wconf 86' lang='lat' dir='ltr'>vietis</span> <span class='ocrx_word' id='word_1_226' title='bbox 417 2976 448 3032; x_wconf 89' lang='lat' dir='ltr'>et</span> <span class='ocrx_word' id='word_1_227' title='bbox 468 2977 616 3033; x_wconf 89' lang='lat' dir='ltr'>terrorem</span> <span class='ocrx_word' id='word_1_228' title='bbox 638 2969 788 3033; x_wconf 86' lang='lat' dir='ltr'>adversus</span> <span class='ocrx_word' id='word_1_229' title='bbox 811 2969 958 3045; x_wconf 91' lang='lat' dir='ltr'>victores,</span> <span class='ocrx_word' id='word_1_230' title='bbox 981 2990 1021 3032; x_wconf 90' lang='lat' dir='ltr'>ne</span> <span class='ocrx_word' id='word_1_231' title='bbox 1043 2967 1168 3033; x_wconf 89' lang='lat' dir='ltr'>fortuna</span> 
     </span>
     <span class='ocr_line' id='line_1_31' title="bbox 140 3052 1168 3147; baseline 0.001 -23"><span class='ocrx_word' id='word_1_232' title='bbox 140 3060 215 3124; x_wconf 91' lang='lat' dir='ltr'>elati</span> <span class='ocrx_word' id='word_1_233' title='bbox 231 3070 370 3126; x_wconf 91' lang='lat' dir='ltr'>nostram</span> <span class='ocrx_word' id='word_1_234' title='bbox 388 3052 512 3146; x_wconf 85' lang='lat' dir='ltr'>quoque</span> <span class='ocrx_word' id='word_1_235' title='bbox 525 3084 636 3147; x_wconf 90' lang='lat' dir='ltr'>pacem</span> <span class='ocrx_word' id='word_1_236' title='bbox 650 3062 818 3127; x_wconf 89' lang='lat' dir='ltr'>turbarent.</span> <span class='ocrx_word' id='word_1_237' title='bbox 841 3086 915 3126; x_wconf 90' lang='lat' dir='ltr'>nam</span> <span class='ocrx_word' id='word_1_238' title='bbox 929 3063 976 3126; x_wconf 89' lang='lat' dir='ltr'>vis</span> <span class='ocrx_word' id='word_1_239' title='bbox 994 3063 1168 3138; x_wconf 89' lang='lat' dir='ltr'>innumera,</span> 
     </span>
     <span class='ocr_line' id='line_1_32' title="bbox 140 3154 1168 3240; baseline 0 -22"><span class='ocrx_word' id='word_1_240' title='bbox 140 3154 240 3239; x_wconf 90' lang='lat' dir='ltr'>Lygii</span> <span class='ocrx_word' id='word_1_241' title='bbox 257 3155 397 3237; x_wconf 89' lang='lat' dir='ltr'>aliaeque</span> <span class='ocrx_word' id='word_1_242' title='bbox 410 3168 520 3240; x_wconf 89' lang='lat' dir='ltr'>gentes</span> <span class='ocrx_word' id='word_1_243' title='bbox 539 3155 758 3233; x_wconf 88' lang='lat' dir='ltr'>adventabant,</span> <span class='ocrx_word' id='word_1_244' title='bbox 776 3155 862 3219; x_wconf 89' lang='lat' dir='ltr'>fama</span> <span class='ocrx_word' id='word_1_245' title='bbox 875 3155 947 3219; x_wconf 91' lang='lat' dir='ltr'>ditis</span> <span class='ocrx_word' id='word_1_246' title='bbox 964 3155 1063 3239; x_wconf 88' lang='lat' dir='ltr'>regni,</span> <span class='ocrx_word' id='word_1_247' title='bbox 1082 3155 1168 3236; x_wconf 91' lang='lat' dir='ltr'>quod</span> 
     </span>
     <span class='ocr_line' id='line_1_33' title="bbox 141 3245 1167 3334; baseline -0.002 -22"><span class='ocrx_word' id='word_1_248' title='bbox 141 3247 285 3312; x_wconf 90' lang='lat' dir='ltr'>Vannius</span> <span class='ocrx_word' id='word_1_249' title='bbox 304 3249 430 3333; x_wconf 87' lang='lat' dir='ltr'>triginta</span> <span class='ocrx_word' id='word_1_250' title='bbox 446 3271 503 3334; x_wconf 91' lang='lat' dir='ltr'>per</span> <span class='ocrx_word' id='word_1_251' title='bbox 520 3271 619 3313; x_wconf 90' lang='lat' dir='ltr'>annos</span> <span class='ocrx_word' id='word_1_252' title='bbox 641 3249 894 3334; x_wconf 88' lang='lat' dir='ltr'>praedationibus</span> <span class='ocrx_word' id='word_1_253' title='bbox 913 3257 945 3311; x_wconf 91' lang='lat' dir='ltr'>et</span> <span class='ocrx_word' id='word_1_254' title='bbox 961 3245 1167 3332; x_wconf 88' lang='lat' dir='ltr'>vectigalibus</span> 
     </span>
     <span class='ocr_line' id='line_1_34' title="bbox 141 3338 1168 3429; baseline -0.003 -23"><span class='ocrx_word' id='word_1_255' title='bbox 141 3351 284 3406; x_wconf 80' lang='lat' dir='ltr'>auxerat:</span> <span class='ocrx_word' id='word_1_256' title='bbox 302 3342 364 3426; x_wconf 89' lang='lat' dir='ltr'>ipsi</span> <span class='ocrx_word' id='word_1_257' title='bbox 381 3366 491 3407; x_wconf 91' lang='lat' dir='ltr'>manus</span> <span class='ocrx_word' id='word_1_258' title='bbox 509 3343 634 3429; x_wconf 90' lang='lat' dir='ltr'>propria</span> <span class='ocrx_word' id='word_1_259' title='bbox 649 3343 781 3428; x_wconf 89' lang='lat' dir='ltr'>pedites,</span> <span class='ocrx_word' id='word_1_260' title='bbox 800 3364 896 3426; x_wconf 88' lang='lat' dir='ltr'>eques</span> <span class='ocrx_word' id='word_1_261' title='bbox 914 3363 932 3405; x_wconf 90' lang='lat' dir='ltr'>e</span> <span class='ocrx_word' id='word_1_262' title='bbox 947 3338 1099 3406; x_wconf 89' lang='lat' dir='ltr'>Sarmatis</span> <span class='ocrx_word' id='word_1_263' title='bbox 1117 3339 1168 3403; x_wconf 80' lang='lat' dir='ltr'>la-</span> 
     </span>
     <span class='ocr_line' id='line_1_35' title="bbox 142 3432 1167 3520; baseline -0.002 -22"><span class='ocrx_word' id='word_1_264' title='bbox 142 3434 276 3520; x_wconf 85' lang='lat' dir='ltr'>zygibus</span> <span class='ocrx_word' id='word_1_265' title='bbox 295 3444 374 3512; x_wconf 89' lang='lat' dir='ltr'>erat,</span> <span class='ocrx_word' id='word_1_266' title='bbox 398 3436 499 3520; x_wconf 88' lang='lat' dir='ltr'>impar</span> <span class='ocrx_word' id='word_1_267' title='bbox 521 3437 712 3502; x_wconf 89' lang='lat' dir='ltr'>multitudini</span> <span class='ocrx_word' id='word_1_268' title='bbox 733 3436 886 3512; x_wconf 90' lang='lat' dir='ltr'>hostium,</span> <span class='ocrx_word' id='word_1_269' title='bbox 911 3455 1010 3517; x_wconf 91' lang='lat' dir='ltr'>eoque</span> <span class='ocrx_word' id='word_1_270' title='bbox 1032 3432 1167 3497; x_wconf 90' lang='lat' dir='ltr'>castellis</span> 
     </span>
     <span class='ocr_line' id='line_1_36' title="bbox 142 3526 1219 3613; baseline -0.002 -18"><span class='ocrx_word' id='word_1_271' title='bbox 142 3551 213 3595; x_wconf 89' lang='lat' dir='ltr'>sese</span> <span class='ocrx_word' id='word_1_272' title='bbox 235 3529 399 3595; x_wconf 88' lang='lat' dir='ltr'>defensare</span> <span class='ocrx_word' id='word_1_273' title='bbox 426 3529 604 3613; x_wconf 90' lang='lat' dir='ltr'>bellumque</span> <span class='ocrx_word' id='word_1_274' title='bbox 630 3531 743 3595; x_wconf 91' lang='lat' dir='ltr'>ducere</span> <span class='ocrx_word' id='word_1_275' title='bbox 765 3539 923 3597; x_wconf 85' lang='lat' dir='ltr'>statuerat.</span> <span class='ocrx_word' id='word_1_276' title='bbox 956 3527 1013 3593; x_wconf 91' lang='lat' dir='ltr'>sed</span> <span class='ocrx_word' id='word_1_277' title='bbox 1033 3526 1167 3612; x_wconf 88' lang='lat' dir='ltr'>Iazyges</span> <span class='ocrx_word' id='word_1_278' title='bbox 1187 3544 1219 3593; x_wconf 82' lang='lat'>30</span> 
     </span>
     <span class='ocr_line' id='line_1_37' title="bbox 142 3621 1169 3709; baseline -0.002 -23"><span class='ocrx_word' id='word_1_279' title='bbox 142 3622 314 3687; x_wconf 89' lang='lat' dir='ltr'>obsidionis</span> <span class='ocrx_word' id='word_1_280' title='bbox 327 3623 524 3709; x_wconf 89' lang='lat' dir='ltr'>impatientes</span> <span class='ocrx_word' id='word_1_281' title='bbox 540 3635 571 3688; x_wconf 91' lang='lat' dir='ltr'>et</span> <span class='ocrx_word' id='word_1_282' title='bbox 583 3624 742 3709; x_wconf 86' lang='lat' dir='ltr'>proximos</span> <span class='ocrx_word' id='word_1_283' title='bbox 755 3646 811 3708; x_wconf 89' lang='lat' dir='ltr'>per</span> <span class='ocrx_word' id='word_1_284' title='bbox 824 3633 951 3708; x_wconf 82' lang='lat' dir='ltr'>campos</span> <span class='ocrx_word' id='word_1_285' title='bbox 969 3621 1043 3707; x_wconf 86' lang='lat' dir='ltr'>vagi</span> <span class='ocrx_word' id='word_1_286' title='bbox 1060 3641 1169 3686; x_wconf 88' lang='lat' dir='ltr'>neces·</span> 
     </span>
     <span class='ocr_line' id='line_1_38' title="bbox 142 3716 1168 3804; baseline -0.004 -22"><span class='ocrx_word' id='word_1_287' title='bbox 142 3717 311 3782; x_wconf 87' lang='lat' dir='ltr'>situdinem</span> <span class='ocrx_word' id='word_1_288' title='bbox 328 3740 454 3804; x_wconf 89' lang='lat' dir='ltr'>pugnae</span> <span class='ocrx_word' id='word_1_289' title='bbox 472 3718 611 3796; x_wconf 88' lang='lat' dir='ltr'>attulere,</span> <span class='ocrx_word' id='word_1_290' title='bbox 631 3719 705 3800; x_wconf 91' lang='lat' dir='ltr'>quia</span> <span class='ocrx_word' id='word_1_291' title='bbox 721 3718 845 3802; x_wconf 87' lang='lat' dir='ltr'>Lygius</span> <span class='ocrx_word' id='word_1_292' title='bbox 863 3716 1168 3798; x_wconf 88' lang='lat' dir='ltr'>Hermundurusque</span> 
     </span>
     <span class='ocr_line' id='line_1_39' title="bbox 141 3805 1214 3898; baseline -0.002 -22"><span class='ocrx_word' id='word_1_293' title='bbox 141 3811 206 3876; x_wconf 90' lang='lat' dir='ltr'>illic</span> <span class='ocrx_word' id='word_1_294' title='bbox 227 3805 422 3897; x_wconf 79' lang='lat' dir='ltr'>ingruerant;</span> <span class='ocrx_word' id='word_1_295' title='bbox 445 3813 540 3898; x_wconf 92' lang='lat' dir='ltr'>igitur</span> <span class='ocrx_word' id='word_1_296' title='bbox 561 3813 727 3898; x_wconf 87' lang='lat' dir='ltr'>degressus</span> <span class='ocrx_word' id='word_1_297' title='bbox 750 3811 884 3876; x_wconf 89' lang='lat' dir='ltr'>castellis</span> <span class='ocrx_word' id='word_1_298' title='bbox 902 3809 1046 3876; x_wconf 85' lang='lat' dir='ltr'>Vannius</span> <span class='ocrx_word' id='word_1_299' title='bbox 1065 3808 1169 3874; x_wconf 84' lang='lat' dir='ltr'>fundi·</span> <span class='ocrx_word' id='word_1_300' title='bbox 1207 3851 1214 3862; x_wconf 92' lang='lat'><strong>·</strong></span> 
     </span>
     <span class='ocr_line' id='line_1_40' title="bbox 142 3902 1169 3990; baseline 0 -22"><span class='ocrx_word' id='word_1_301' title='bbox 142 3915 194 3969; x_wconf 90' lang='lat' dir='ltr'>tur</span> <span class='ocrx_word' id='word_1_302' title='bbox 209 3906 342 3990; x_wconf 91' lang='lat' dir='ltr'>proelio,</span> <span class='ocrx_word' id='word_1_303' title='bbox 366 3929 557 3990; x_wconf 88' lang='lat' dir='ltr'>quamquam</span> <span class='ocrx_word' id='word_1_304' title='bbox 578 3905 672 3970; x_wconf 89' lang='lat' dir='ltr'>rebus</span> <span class='ocrx_word' id='word_1_305' title='bbox 691 3905 845 3982; x_wconf 89' lang='lat' dir='ltr'>adversis,</span> <span class='ocrx_word' id='word_1_306' title='bbox 868 3904 1012 3969; x_wconf 85' lang='lat' dir='ltr'>laudatus</span> <span class='ocrx_word' id='word_1_307' title='bbox 1035 3902 1121 3986; x_wconf 94' lang='lat' dir='ltr'>quod</span> <span class='ocrx_word' id='word_1_308' title='bbox 1138 3912 1169 3968; x_wconf 90' lang='lat' dir='ltr'>et</span> 
     </span>
     <span class='ocr_line' id='line_1_41' title="bbox 140 3997 1169 4086; baseline -0.002 -25"><span class='ocrx_word' id='word_1_309' title='bbox 140 4021 282 4084; x_wconf 88' lang='lat' dir='ltr'>pugnam</span> <span class='ocrx_word' id='word_1_310' title='bbox 301 4023 396 4064; x_wconf 90' lang='lat' dir='ltr'>manu</span> <span class='ocrx_word' id='word_1_311' title='bbox 414 4001 561 4086; x_wconf 89' lang='lat' dir='ltr'>capessiit</span> <span class='ocrx_word' id='word_1_312' title='bbox 583 4009 614 4064; x_wconf 88' lang='lat' dir='ltr'>et</span> <span class='ocrx_word' id='word_1_313' title='bbox 632 4020 759 4084; x_wconf 87' lang='lat' dir='ltr'>corpore</span> <span class='ocrx_word' id='word_1_314' title='bbox 778 3999 910 4064; x_wconf 87' lang='lat' dir='ltr'>adverso</span> <span class='ocrx_word' id='word_1_315' title='bbox 932 3997 1061 4061; x_wconf 89' lang='lat' dir='ltr'>vulnera</span> <span class='ocrx_word' id='word_1_316' title='bbox 1078 4018 1169 4063; x_wconf 85' lang='lat' dir='ltr'>exce-</span> 
     </span>
     <span class='ocr_line' id='line_1_42' title="bbox 141 4089 1168 4178; baseline -0.005 -20"><span class='ocrx_word' id='word_1_317' title='bbox 141 4093 197 4177; x_wconf 91' lang='lat' dir='ltr'>pit.</span> <span class='ocrx_word' id='word_1_318' title='bbox 226 4103 364 4159; x_wconf 89' lang='lat' dir='ltr'>eeterum</span> <span class='ocrx_word' id='word_1_319' title='bbox 386 4095 427 4159; x_wconf 91' lang='lat' dir='ltr'>ad</span> <span class='ocrx_word' id='word_1_320' title='bbox 449 4095 581 4160; x_wconf 84' lang='lat' dir='ltr'>classem</span> <span class='ocrx_word' id='word_1_321' title='bbox 604 4094 636 4159; x_wconf 86' lang='lat' dir='ltr'>in</span> <span class='ocrx_word' id='word_1_322' title='bbox 658 4093 807 4160; x_wconf 85' lang='lat' dir='ltr'>Danuvio</span> <span class='ocrx_word' id='word_1_323' title='bbox 829 4092 1047 4178; x_wconf 83' lang='lat' dir='ltr'>opperientem</span> <span class='ocrx_word' id='word_1_324' title='bbox 1063 4089 1168 4176; x_wconf 90' lang='lat' dir='ltr'>perfu-</span> 
     </span>
     <span class='ocr_line' id='line_1_43' title="bbox 197 4201 997 4260; baseline 0.006 -8"><span class='ocrx_word' id='word_1_325' title='bbox 197 4208 351 4256; x_wconf 68' lang='lat' dir='ltr'>ructuant.</span> <span class='ocrx_word' id='word_1_326' title='bbox 601 4242 605 4249; x_wconf 90' lang='lat'>.</span> <span class='ocrx_word' id='word_1_327' title='bbox 959 4201 997 4260; x_wconf 89' lang='grc'>14</span> 
     </span>
    </p>
   </div>
   <div class='ocr_carea' id='block_1_6' title="bbox 0 0 1389 4874">
    <p class='ocr_par' dir='ltr' id='par_1_6' title="bbox 0 0 1389 4874">
     <span class='ocr_line' id='line_1_44' title="bbox 0 0 1389 4874; baseline 0 0"><span class='ocrx_word' id='word_1_328' title='bbox 0 0 1389 4874; x_wconf 95' lang='lat' dir='ltr'> </span> 
     </span>
    </p>
   </div>
  </div>
 </body>
</html>
