2760 4874
293 387 334 452 86
640 395 825 455 CORNELII
839 340 988 452 ΤΑΟΙΤΙΙ

1208 489 1317 527 ει.ιι.1ῑ3.

290 579 353 640 quo
370 554 518 640 pertinuit
535 553 653 616 nudare
666 575 779 638 corpus
798 560 828 617 et
846 553 1100 617 contrectandum
1113 553 1200 639 vulgi
1211 554 1318 620 oculis

290 651 480 736 permittere,
508 647 687 730 differrique
713 648 808 711 etiam
828 669 885 732 per
911 655 1056 712 externos
1082 658 1243 731 tamquam
1264 671 1320 713 ve-

290 767 372 809 neno
389 744 578 827 interceptus
597 751 694 815 esset,
719 742 746 806 si
764 742 881 805 ineerta
903 740 1006 806 adhuc
1023 742 1084 806 ista
1102 752 1134 806 et
1151 745 1321 808 scrutanda

291 838 381 903 sunt?
398 836 498 900 defleo
512 836 656 918 equidem
673 836 773 899 filium
785 858 890 899 meum
902 857 1090 920 semperque
1107 836 1243 915 defleb03
1262 838 1320 902 sed

290 954 391 1016 neque
413 953 501 995 reum
522 928 672 1015 prohibeo
695 951 758 1012 quo
780 929 883 993 minus
906 940 1018 994 cuncta
1040 930 1178 1015 proferat
1202 931 1329 1017 quibus,

289 1025 467 1091 innocentia
488 1024 555 1088 eius
578 1023 736 1088 sublevari
757 1033 825 1100 aut,
853 1023 881 1087 si
902 1044 965 1106 qua
986 1023 1046 1088 fuit
1067 1024 1215 1107 iniquitas
1239 1023 1320 1090 Ger-

194 1200 199 1206 &
291 1120 418 1197 manici,
446 1118 575 1204 coargui
596 1118 711 1203 possit,
734 1139 853 1200 vosque
876 1139 930 1182 oro
952 1139 1006 1194 ne,
1029 1118 1104 1200 quia
1126 1119 1226 1183 dolori
1247 1142 1319 1184 meo

291 1237 388 1279 causa
409 1236 551 1278 connexa
573 1221 634 1289 est,
663 1210 785 1276 obiecta
807 1211 936 1275 crimina
956 1234 1014 1296 pro
1036 1212 1215 1298 adprobatis
1238 1215 1320 1278 aeci-

290 1309 393 1393 piatis.
421 1308 448 1372 si
466 1330 545 1390 quos
563 1307 756 1392 propinquus
776 1305 904 1391 sanguis
923 1316 977 1369 aut
998 1305 1076 1370 fides
1096 1330 1154 1371 sua
1170 1317 1318 1392 patronos

290 1402 389 1478 dedit,
416 1410 570 1511 quantu?
590 1401 724 1483 quisque
746 1399 928 1482 eloquentia,
944 1409 975 1464 et
997 1421 1072 1464 eura
1093 1401 1190 1478 valet,
1213 1401 1319 1466 iuvate

290 1495 532 1580 periclitantem
556 1494 599 1559 ul
620 1494 754 1558 eundem
777 1492 931 1569 laborem,
958 1494 1091 1558 eandem
1112 1495 1319 1560 constantiam

291 1597 487 1656 accusatores
501 1587 615 1652 hortor.
638 1588 671 1651 id
689 1587 791 1652 solum
806 1584 994 1677 Germanico
1013 1611 1107 1673 super
1124 1589 1211 1674 leges
1229 1612 1319 1674 prae-

291 1682 474 1758 stiterimus,
497 1682 583 1765 quod
603 1681 637 1744 in
660 1681 745 1745 curia
766 1681 870 1766 potius
893 1703 988 1764 quam
1005 1680 1039 1745 in
1060 1682 1143 1758 foro,
1167 1683 1252 1767 apud
1270 1705 1320 1748 se-

289 1786 399 1840 natum
411 1797 506 1858 quam
519 1776 604 1861 apud
620 1775 740 1839 iudices
758 1776 797 1839 de
815 1784 915 1839 morte
929 1775 996 1840 eius'
1010 1777 1197 1859 anquiritur:
1216 1785 1319 1841 cetera

290 1869 358 1954 pari
383 1869 536 1934 modestia
558 1877 744 1945 tractentur:
779 1889 871 1932 nemo
901 1868 1002 1933 Drusi
1031 1869 1190 1946 lacrimas,
1225 1892 1319 1935 nemo

290 1963 478 2028 maestitiam
499 1984 601 2027 meam
623 1971 755 2047 spectet,
777 1978 836 2027 neo
859 1962 886 2026 si
903 1984 966 2046 qua
982 1963 1015 2026 in
1030 1985 1089 2027 uos
1111 1964 1244 2028 adversa
1259 1964 1319 2027 fin-

290 2061 435 2142 guntur.“
863 2107 866 2111 .
1240 2082 1242 2088 ·

243 2168 272 2217 13
353 2149 449 2214 Exim
475 2149 606 2214 biduum
632 2148 812 2214 criminibus
839 2149 1010 2215 obiciendis
1034 2150 1192 2228 statuitur,
1220 2159 1318 2234 utque

291 2267 347 2309 sex
365 2244 485 2308 dierum
508 2244 608 2328 spatio
630 2244 791 2308 interiecto
812 2265 960 2329 reus‘per
977 2243 1114 2308 triduum
1135 2243 1319 2309 defendere-

291 2350 349 2403 tur.
386 2349 453 2403 trun
479 2337 642 2402 Fulcinius
669 2347 775 2402 vetera
801 2347 833 2401 et
857 2336 963 2402 inania
988 2337 1120 2416 orditur,
1152 2337 1317 2416 ambitiose

291 2454 445 2516 avareque
458 2431 597 2497 habitam
607 2428 810 2517 Hispaniam3
824 2432 910 2514 quod
918 2452 1019 2514 neque
1030 2432 1208 2496 convictum
1216 2453 1318 2496 noxae

289 2548 353 2603 reo,
374 2527 401 2593 si
416 2527 553 2591 recentia
565 2535 722 2612 purgaret,
740 2519 842 2608 neque
856 2525 1022 2590 defensum
1036 2525 1224 2590 absolutioni
1242 2535 1317 2604 erat,

291 2619 318 2684 si
333 2629 488 2684 teneretur
500 2618 668 2684 maioribus
682 2619 819 2704 flagitiis.
842 2628 1022 2703 postquem
1037 2617 1193 2684 Servaeus
1208 2629 1240 2684 et
1253 2619 1319 2684 Ve-

290 2713 395 2777 ranius
419 2722 454 2777 et'
471 2712 616 2776 Vitellius
640 2712 794 2777 consimili
822 2712 939 2790 studio,
968 2722 998 2776 et
1021 2713 1120 2778 multa
1141 2713 1319 2796 eloquentia

291 2805 446 2883 Vitellius,
466 2804 607 2869 obiecere
625 2805 697 2869 odio
716 2803 896 2870 Germanici
914 2815 945 2869 et
961 2829 1065 2870 rerum
1082 2827 1235 2871 novarum
1253 2817 1319 2871 stu-

291 2899 343 2964 dio
365 2899 517 2964 Pisonem
541 2899 655 2984 vulgus
682 2900 816 2963 militum
830 2921 898 2984 ¹per
922 2899 1080 2964 licentiam
1106 2910 1138 2965 et
1163 2899 1319 2966 sociorum

290 2993 418 3057 inimias
438 3015 475 3057 co
493 3015 593 3075 usque
616 2993 801 3078 conrupisse
818 3003 854 3057 ut
870 3015 985 3078 parens
1003 2994 1163 3080 legionum
1180 3018 1200 3058 a
1216 2995 1319 3058 deter-

290 3090 377 3153 rimis
395 3089 617 3174 appellaretur3
640 3099 747 3168 contra
764 3090 797 3153 in
814 3090 968 3174 optimum
990 3111 1159 3173 quemque,
1182 3089 1319 3152 maximo

291 3184 324 3247 in
341 3183 470 3248 comites
489 3191 520 3247 et
537 3183 653 3248 amicos
668 3180 848 3248 Germanici
867 3184 1005 3248 saevisse
1011 3208 1020 3261 3
1038 3193 1196 3268 postremo
1214 3182 1319 3266 ipsum
1357 3257 1368 3268 „

291 3276 508 3341 devotionibus
527 3286 558 3341 et
575 3288 695 3362 veneno
713 3278 900 3362 peremisse:
924 3300 1013 3342 sacra
1026 3276 1107 3341 'hinc
1125 3286 1156 3340 et
1177 3276 1319 3340 immola·
1365 3270 1379 3289 ²

291 3372 391 3436 tiones
408 3371 561 3438 nefandas
575 3371 674 3456 ipsius
692 3371 978 3454 atquePlancinae,
996 3370 1126 3455 petitam
1144 3371 1239 3435 arnus
1251 3392 1319 3434 rern

290 3464 462 3550 publicam,
480 3476 576 3549 utque
593 3489 666 3530 reus
684 3467 737 3552 agi
753 3474 877 3551 posset,
897 3466 963 3530 acie
981 3466 1109 3529 victum.

243 3580 273 3625 rr
354 3559 509 3624 Defensio
526 3561 558 3623 iu
576 3561 687 3625 ceteris
706 3560 886 3645 trepidarit3
904 3583 978 3624 nam
997 3582 1099 3643 neque
1117 3558 1317 3624 ambitionem

291 3655 456 3719 militarem
473 3676 575 3737 neque
588 3654 780 3739 provinciam
794 3654 932 3738 pessimo
951 3651 1065 3737 'cuique'
1082 3652 1260 3729 obnoxiam,
1278 3674 1319 3715 ne

292 3749 495 3814 contrunelias
522 3749 649 3832 quidem
675 3750 843 3813 adversum
868 3748 1088 3833 imperatorem
1113 3747 1238 3811 infitiari
1263 3768 1319 3830 po-

292 3851 384 3906 terat:
412 3842 514 3908 solum
540 3843 651 3907 veneni
679 3842 796 3907 crimen
818 3843 909 3907 visus
932 3852 980 3906 est
1002 3842 1145 3918 diluisse,
1173 3839 1258 3924 quod
1279 3861 1319 3903 ne

292 3943 489 4002 accusatores
513 3936 639 4019 quidem
661 3937 736 4001 satis
758 3936 938 4013 firmabant,
965 3936 998 4000 in
1020 3936 1163 4000 convivio
1186 3931 1319 4000 Germa-

293 4029 367 4105 nioi,
392 4051 462 4094 curu
482 4053 664 4115 supereum
682 4031 758 4096 Piso
777 4029 1000 4108 discumberet,
1023 4031 1155 4095 infectos
1172 4026 1318 4093 manibus

294 4125 362 4190 eius
384 4125 470 4190 cibos
494 4137 673 4212 arguentes:
701 4128 816 4212 quippo
839 4126 1010 4192 absurdum
1032 4126 1209 4204 videbatur,
1238 4124 1319 4189 iuter
