2760 4874
268 386 333 452 272
620 392 803 450 CORNELII
815 393 946 451 TACITI
1000 427 1004 431 -

962 517 965 520 ,
1187 496 1209 525 n.
1218 497 1240 526 u.
1251 488 1296 527 814.

266 566 387 620 menter
408 552 521 617 deditis
548 551 772 616 consulturum.
804 552 899 616 simul
919 553 952 616 in
978 552 1088 617 urbem
1114 554 1297 631 mandabat,

266 649 387 714 nullum
395 647 582 732 proeliorum
593 645 688 709 finem
702 655 902 730 expectarent
911 647 973 711 nisi
986 647 1208 713 succederetur
1218 647 1298 714 Sue·

267 743 362 819 tonio,
377 741 465 806 cuius
479 741 611 804 adversa
623 739 767 824 pravitati
784 740 894 824 ipsius,
912 762 1061 826 prospera
1079 741 1120 805 ad
1138 741 1297 806 fortunam

266 834 429 900 referebat.

215 951 247 998 aa
330 929 431 1014 Igitur
452 927 494 993 ad
516 928 720 1013 spectandum
738 927 919 992 Britanniae
942 937 1058 993 statum
1076 929 1194 995 missus
1213 940 1262 995 est
1280 953 1297 996 e

265 1022 384 1088 libertis
405 1020 596 1106 Polyclitus,
623 1044 739 1106 magna
759 1021 892 1086 Neronis
916 1044 972 1107 spe
993 1044 1088 1107 posse
1110 1025 1296 1088 auctoritate

266 1118 333 1182 cius
351 1139 414 1180 non
432 1114 524 1179 modo
538 1114 618 1178 inter
631 1113 769 1200 legatum
784 1125 1078 1201 procuratoremque
1096 1117 1296 1182 concordiam

265 1210 370 1296 gigni,
395 1209 451 1274 sed
474 1219 504 1273 et
521 1207 653 1273 rebelles
676 1207 879 1272 barbarorum
905 1209 1027 1273 animos
1049 1231 1128 1295 pace
1151 1213 1295 1295 conponi.

265 1326 323 1368 nec
349 1303 449 1368 defuit
470 1301 644 1386 Polyclitus
670 1323 734 1383 quo
759 1301 863 1365 minus
889 1301 1009 1388 ingenti
1035 1303 1162 1388 agmine
1185 1303 1295 1368 Italiae

266 1395 450 1480 Galliaeque
472 1395 592 1482 gravm
615 1407 781 1480 postquam
801 1392 967 1481 Oceanum
985 1397 1216 1475 transmiserat,
1239 1399 1295 1463 mi-

265 1489 370 1555 litibus
389 1511 513 1573 quoque
531 1488 645 1552 nostris
664 1487 808 1553 terribilis
826 1488 1000 1555 incederet:
1018 1491 1073 1554 sed
1092 1490 1238 1556 hostibus
1256 1493 1308 1556 ir-·

265 1584 340 1655 risui
359 1584 426 1658 suit,
446 1583 622 1667 apudquos
637 1580 788 1666 flagrante
803 1581 976 1646 etiamtum
994 1583 1137 1649 libertate
1155 1586 1294 1650 nondum
1310 1609 1312 1615 ·

265 1677 390 1761 cognita
403 1675 613 1740 libertinorum
623 1675 762 1759 potentia
774 1685 849 1754 erat,
864 1677 1117 1786 mirabanturque
1131 1680 1219 1762 quod
1231 1680 1295 1744 dux

265 1781 297 1833 et
314 1770 468 1833 exercitus
482 1768 560 1833 tanti
572 1767 645 1834 belli
659 1769 816 1834 confector
834 1770 968 1836 servitiis
986 1770 1159 1846 obedirent,
1183 1785 1295 1837 cuncta

214 1868 217 1873 ’
265 1873 369 1928 tamen
392 1863 432 1926 ad
450 1862 668 1946 imperatorem
690 1862 722 1926 in
740 1863 864 1927 mollius
886 1863 997 1941 relata,
1021 1865 1231 1949 detentusque
1248 1889 1294 1930 re·

265 1956 324 2025 bus
342 1956 491 2043 gerundis
507 1954 687 2032 Suetonius,
707 1957 792 2039 quod
803 1960 902 2043 paulo
919 1968 992 2043 post
1008 1980 1126 2043 paucas
1145 1983 1245 2026 naves
1262 1961 1294 2024 in

265 2052 353 2116 litore
370 2051 596 2137 remigiumque
611 2051 643 2113 in
660 2051 698 2115 iis
713 2051 867 2127 amiserat,
887 2061 1047 2136 tamquam
1061 2052 1195 2119 durante
1212 2054 1293 2119 bello

266 2147 386 2211 tradere
404 2145 574 2210 exercitum
593 2143 741 2209 Petronio
759 2144 956 2231 Turpiliano,
975 2147 1029 2230 qui
1046 2146 1110 2210 iam
1128 2148 1293 2213 consulatu

229 2281 231 2286 ν
266 2242 392 2318 abierat,
411 2240 544 2309 iubetur.
567 2240 594 2304 is
613 2262 676 2304 non
693 2240 810 2304 irritato
828 2240 918 2306 hoste
935 2263 1037 2324 acque
1054 2241 1220 2307 lacessitus
1238 2243 1293 2308 ho·

265 2351 389 2401 aestum
407 2335 494 2420 pacis
512 2357 627 2399 nomen
644 2335 733 2420 segni
751 2335 814 2399 otio
832 2335 990 2420 imposuit.

214 2455 247 2502 ,ιο
328 2430 452 2494 Eodem
470 2451 552 2493 anno
569 2427 690 2492 Romae
712 2428 848 2514 insignia
866 2429 996 2506 seelera,
1019 2430 1152 2494 alterum
1171 2441 1292 2495 senato-

247 2528 322 2602 ris,
342 2524 446 2589 servili
464 2523 596 2587 alterum
613 2523 758 2598 audacia,
778 2523 916 2588 admissa
934 2533 1019 2589 sunt:
1038 2524 1200 2588 Domitius
1219 2524 1292 2588 Bal-

265 2622 324 2685 bus
347 2627 412 2682 erat
434 2617 619 2701 praetorius,
648 2617 740 2680 simul
762 2617 856 2703 longa
877 2628 1016 2694 senecta,
1045 2618 1137 2682 simul
1161 2619 1290 2683 orbitate

266 2725 296 2778 et
314 2711 446 2797 pecunia
467 2711 588 2775 insidiis
612 2709 780 2788 obnoxius3
804 2712 833 2774 ei
853 2712 1046 2797 propinquus
1065 2711 1213 2777 Valerius
1232 2713 1291 2776 Fa-

266 2807 391 2881 bianus,
416 2805 615 2887 capessendis
633 2804 803 2869 honoribus
826 2805 1013 2882 destinatus,
1037 2805 1177 2872 subdidit
1199 2816 1291 2878 testa-

265 2909 402 2964 mentum
422 2897 526 2960 ascitis
544 2897 668 2961 Vinicio
687 2899 801 2964 Rufino
820 2908 851 2963 et
869 2899 1015 2964 Terentio
1032 2901 1186 2978 Lentino,
1206 2901 1291 2983 equi-

265 2994 347 3058 tibus
369 2990 535 3067 Romanis3
558 2991 602 3055 illi
624 2991 799 3058 Antonium
821 2993 962 3059 Primum
985 3005 1016 3058 et
1037 2994 1187 3059 Asinium
1204 2996 1290 3060 Mar-

265 3089 378 3152 cellum
393 3086 599 3150 sociaverant:
613 3085 772 3152 Antonius
786 3088 917 3153 audacia
929 3098 1103 3173 promptus,
1118 3089 1288 3159 Marcellus

264 3181 377 3246 Asinio
400 3178 540 3243 Pollione
561 3202 680 3264 proavo
702 3180 804 3246 clarus
827 3204 928 3265 neque
951 3205 1073 3245 morum
1096 3185 1289 3267 spernendus

264 3275 449 3351 habebatur,
476 3273 536 3338 nisi
563 3274 647 3356 quod
668 3284 882 3358 paupertatem
909 3276 1111 3360 praecipuum
1138 3277 1290 3341 malorum

264 3369 423 3445 credebat;
450 3368 544 3453 igitur
565 3367 724 3431 Fabianus
747 3367 871 3434 tabulas
894 3370 932 3434 iis
955 3391 1034 3453 quos
1061 3371 1234 3435 memoravi
1261 3381 1290 3434 ct

264 3464 332 3528 aliis
359 3462 462 3525 minus
488 3460 659 3525 illustribus
686 3460 840 3546 obsignat.
873 3464 957 3545 quod
984 3464 1067 3547 apud
1092 3474 1199 3548 patres
1218 3487 1290 3528 con-

264 3559 395 3632 victum;
419 3564 449 3617 et
469 3553 629 3618 Fabianus
651 3554 872 3640 Antoniusque
895 3580 967 3620 cum
984 3557 1101 3620 Rufino
1124 3568 1155 3621 et
1173 3559 1290 3622 Teren-

264 3653 307 3716 tio
321 3652 391 3736 lege
402 3647 548 3713 Cornelia
562 3647 760 3726 damnantur3
773 3648 965 3723 Marcellum,
974 3651 1123 3715 memoria
1136 3652 1289 3715 maiorum

265 3756 296 3809 et
313 3767 421 3829 preces
436 3741 581 3806 Caesaris
600 3763 719 3826 poenae
737 3744 838 3829 magis
856 3766 951 3827 quam
969 3743 1117 3808 infamiae
1135 3767 1288 3809 exemere.

214 3862 245 3906 41
264 3839 396 3925 perculit
421 3837 448 3900 is
476 3837 542 3900 dies
569 3835 757 3921 Pompeium
783 3860 907 3921 quoque
933 3837 1116 3915 Aelianum,
1145 3839 1289 3904 iuvenem

265 3931 484 4014 quaestorium,
504 3940 663 4015 tamquam
680 3931 872 4016 flagitiorum-
885 3932 1018 3997 Fabiani
1035 3955 1179 4017 gnarum,
1200 3935 1288 4017 eique

265 4025 356 4088 Italia
374 4034 404 4088 et
417 4024 582 4108 Hispania,
601 4024 634 4086 in
651 4047 713 4107 qua
727 4034 812 4089 ortus
831 4035 905 4112 erat,
924 4025 1123 4089 interdictum
1141 4036 1199 4090 est,
1222 4025 1289 4110 pari

265 4118 435 4202 ignominia
445 4117 596 4182 Valeri-us
614 4115 765 4183 Ponticus
784 4119 926 4196 afficitur,
945 4118 1127 4202 quod-reos,
1146 4142 1187 4184 ne
1205 4119 1288 4205 apud
