2760 4874
184 463 250 510 LIV
466 465 505 506 DE
524 462 659 507 CORNELII
676 462 774 505 raom
791 462 859 505 VITA
876 460 993 528 racemo

184 576 269 631 nimia
283 574 486 630 Ciceronianae
504 574 619 643 linguae
634 571 720 628 adrni-
739 571 967 641 secutnm‚longe
977 571 1039 626 illas
1049 570 1175 626 diversas
1185 571 1276 642 abiis,

183 646 293 699 ratione
307 643 434 710 fluxisse,
452 659 546 713 neque
558 659 720 696 recusamus
739 659 810 711 quas
821 658 836 696 e
847 639 1024 694 Ciceroniani
1037 639 1099 694 aevi
1108 656 1163 692 usu
1171 640 1276 708 petitas

184 713 332 784 quominus
364 711 409 765 cui
429 711 485 764 iarn
515 710 560 764 vel
591 708 720 764 Caesaris
739 709 869 779 plerique
887 709 963 762 solas
981 714 1098 776 norant,
1120 707 1168 778 qui
1183 707 1277 761 Taciti

184 782 334 835 emendata
352 785 381 834 et
397 729 441 834 eie
463 795 514 832 ans
531 778 721 848 perspicuitas
739 777 938 832 obscuritatem
948 781 977 830 et
987 777 1153 831 brevitatem
1163 776 1277 830 damna-

184 849 230 902 vel
239 849 313 902 Livii
326 849 420 902 lactea
433 865 451 900 ιι
472 851 546 901 ertas
560 845 721 916 praeferen·
739 850 847 901 verunt.
874 845 947 900 Nam
961 860 1034 916 quae
1047 844 1277 914 frequentissima

185 917 380 984 derideatur,
399 915 501 969 'l'acito
515 931 582 968 vero
600 932 663 968 cum
680 914 721 967 in·
740 913 876 994 querendi
895 930 982 967 causa
998 919 1056 981 est,
1077 913 1154 984 quod
1170 913 1276 982 saepis·

185 985 300 1054 dignum
313 989 390 1039 essct
401 983 472 1037 nihil
485 982 562 1037 aliud
577 999 661 1053 quam
674 998 720 1037 ve·
740 999 808 1036 sime
819 982 921 1036 desunt
931 981 1154 1050 autperticulae,
1172 981 1277 1051 quibus

184 1057 246 1107 tera
264 1053 392 1121 exempla
410 1051 528 1105 diversis
546 1050 721 1120 temporibus
740 1048 1277 1105 sententiarumvelverborumiunctura

182 1120 338 1174 imitatione
361 1119 527 1190 exprimere,
554 1135 612 1172 non
630 1117 721 1171 minus
738 1118 885 1185 indicetur,
901 1123 950 1172 aut
963 1118 1040 1188 quod
1055 1118 1171 1172 verbum
1185 1122 1278 1171 eareat

185 1206 268 1259 quam
292 1187 398 1242 oratori
420 1187 502 1241 novis
524 1192 553 1241 et
575 1186 721 1257 exquisitis
739 1187 883 1257 alia,quae
893 1185 1000 1240 adeius
1010 1202 1121 1239 sensum
1131 1201 1221 1255 prope
1231 1202 1276 1239 ac·

184 1255 362 1327 eloquentiae
385 1255 533 1309 itineribus
556 1271 627 1323 opus
651 1259 720 1322 erat,
740 1255 859 1322 cedunt,
872 1270 929 1307 non
939 1253 1051 1308 adiecta
1061 1257 1135 1321 sunt,
1149 1270 1208 1306 non
1218 1269 1277 1307 cre-

184 1341 236 1393 per
249 1340 322 1394 quae
336 1323 480 1377 fastidium
494 1321 603 1376 aurium
617 1321 721 1392 effuge·
740 1323 862 1377 dandum
880 1327 925 1376 est
941 1321 1014 1376 haec
1032 1322 1091 1376 sine
1109 1338 1139 1375 re
1162 1322 1210 1375 ula
1228 1326 1278 1375 aut

184 1395 271 1447 retas
280 1397 309 1446 et
319 1390 447 1446 delicatis
457 1390 601 1444 hominum
610 1389 722 1444 iudiciis
740 1390 807 1480 poni
830 1395 880 1444 aut
902 1389 1006 1459 omitti,
1033 1406 1126 1459 neque
1171 1406 1207 1443 oc
1223 1388 1278 1443 fuit

185 1459 371 1527 satisfaceret,
379 1458 426 1529 qui
436 1458 465 1511 in
473 1458 641 1528 antiquitate
650 1457 722 1511 nihil
746 1457 836 1512 Paciti
854 1458 989 1526 studium,
1007 1463 1040 1511 ut
1054 1457 1210 1512 orationem
1227 1458 1277 1511 ab·

184 1528 274 1606 magis
298 1532 517 1596 aspernarentur
539 1542 623 1597 qnam
642 1525 722 1581 lenti·
740 1533 850 1596 ruptam
867 1525 977 1580 faceret
995 1532 1024 1580 et
1041 1525 1195 1596 amputatis
1213 1540 1276 1580 sen·

184 1596 355 1664 tudinemet
371 1601 498 1663 teporem
516 1600 545 1648 et
562 1600 721 1661 veternum3
739 1594 836 1649 tentiis
867 1594 1021 1664 legentium
1051 1593 1278 1663 expectationem

185 1679 271 1734 quare
284 1667 316 1716 ut
329 1661 456 1717 artificiis
470 1661 588 1716 noviciis
599 1661 722 1717 abstine·
739 1663 865 1730 falleret3
896 1663 947 1717 sed
973 1659 1113 1716 brevitate
1139 1663 1194 1715 hac
1220 1679 1278 1716 una

183 1731 243 1800 bat,
269 1747 322 1784 uae
333 1747 367 1784 ex
378 1730 648 1786 oratorumvanitate
659 1735 722 1784 orta
739 1748 808 1785 usus
822 1737 878 1798 est,
893 1747 966 1802 quae
982 1730 1122 1785 etaetatis
1132 1747 1200 1784 snae
1212 1745 1277 1783 con·

184 1805 213 1854 et
226 1748 268 1852 adl
277 1800 451 1868 voluptatem
466 1798 637 1853 audientium
648 1815 721 1852 com·
740 1799 888 1854 suetudine
905 1798 1043 1868 permissa
1061 1804 1135 1867 erat,
1158 1804 1187 1852 ct
1204 1814 1277 1870 qnae

184 1872 287 1948 parata
308 1884 326 1920 a
348 1866 497 1920 sanctitate
520 1872 549 1920 ct
572 1867 721 1920 severitate
740 1884 832 1922 rernm
846 1867 979 1947 gravitati
992 1866 1277 1935 recteexprim'endae

183 1935 272 2004 rpsins
282 1934 488 2002 abhorrebant,
503 1933 582 1988 itain
591 1934 721 2055 antiquo·
741 1935 941 2003 conveniebat,
955 1951 1048 2004 neque
1059 1934 1130 1988 alias
1141 1934 1278 1988 orationis

183 2019 245 2056 rum
259 2002 414 2056 imitatione
429 2018 464 2056 ea
478 2002 628 2072 diligenter
666 2002 720 2056 evi·
740 2008 835 2073 partes
845 2002 1033 2071 praetermisit
1042 2002 1097 2056 nisi
1107 2018 1180 2072 qnae
1195 2002 1278 2056 omis·

184 2070 268 2138 tavit,
284 2087 357 2140 quae
372 2087 423 2124 sua
433 2069 546 2139 quidem
555 2074 649 2124 aetate
660 2086 720 2124 ora·
741 2087 789 2125 sae
815 2072 924 2124 nullum
951 2070 1107 2125 sententiae
1136 2071 1277 2138 damnum,

185 2138 271 2192 tionis
281 2138 415 2208 gravitati
422 2143 565 2193 nocerent.
583 2137 658 2190 Hinc
667 2143 719 2204 est,
739 2138 850 2208 positae
868 2140 975 2193 nullam
989 2139 1045 2191 vim
1058 2137 1205 2192 autetiam
1219 2138 1278 2192 lan-

184 2207 344 2277 quodcum
365 2206 395 2259 in
416 2206 575 2262 universum
595 2205 721 2259 Sallustii
739 2223 856 2276 guorem
888 2207 1018 2261 illaturae
1049 2212 1137 2261 erant
1177 2207 1278 2327 Neque

185 2273 303 2328 maxime
335 2274 492 2343 exemplum
524 2279 638 2327 secutus
669 2279 720 2341 est,
740 2290 855 2328 numero
867 2279 944 2328 caret
953 2275 1013 2328 eins
1023 2273 1172 2341 oratio,³³⁵
1190 2290 1221 2327 se
1252 2274 1277 2326 is

185 2342 290 2422 quippe
304 2342 355 2422 qui
369 2342 490 2395 omnium
504 2341 609 2396 iudicio
620 2341 727 2416 oratio—7
740 2357 853 2413 quoque
872 2341 944 2396 alius
963 2347 1007 2396 est
1021 2358 1104 2412 quam
1118 2340 1278 2396 Ciceronia-

184 2428 229 2465 nrs
256 2414 394 2480 grantate
420 2409 539 2464 maxims
561 2409 721 2477 excelleret,
740 2428 809 2479 nus3
823 2426 888 2463 nam
898 2409 1122 2530 ctiamperiodos
1132 2409 1277 2488 siquando

185 2483 244 2531 tum
274 2478 345 2531 nihil
372 2478 431 2532 eius
457 2477 548 2548 magis
575 2476 721 2546 expressit,
741 2478 871 2547 admittit,
886 2477 972 2547 longe
1002 2477 1107 2531 iversas
1118 2482 1209 2546 struit,
1225 2478 1280 2532 fre-

186 2562 271 2616 quam
288 2549 458 2599 immortalem
475 2548 550 2598 illam
563 2547 722 2598 velocitatem
741 2551 845 2617 quente
860 2551 889 2599 et
902 2544 1050 2625 multiplici
1066 2545 1280 2614 participiorum

185 2623 209 2667 et
219 2615 420 2678 brevitatem‚³⁸³
438 2630 495 2683 qus
508 2614 557 2667 illa
567 2612 684 2666 maxime
693 2613 722 2666 in
741 2631 808 2681 usu,
831 2613 902 2667 raris
921 2613 1067 2682 partrculis
1085 2619 1114 2668 et
1131 2614 1279 2669 sententiis

187 2681 423 2749 descriptionibus
454 2698 522 2734 usus
554 2688 631 2748 erat3
670 2696 723 2734 nec
741 2681 929 2751 interpositis,
955 2697 1048 2752 neque
1075 2688 1170 2736 tamen
1198 2682 1281 2736 deest

186 2765 253 2802 vero
268 2754 299 2801 ut
312 2748 473 2802 imitatorin
483 2749 526 2815 iis,
542 2764 614 2818 quae
625 2764 722 2817 seque·
741 2748 863 2803 varietas
878 2754 907 2804 et
920 2767 1027 2802 summa
1037 2750 1118 2803 estin
1127 2749 1281 2820 iungendis

186 2816 278 2881 batur,
293 2817 406 2869 modum
416 2816 571 2870 excessisse
580 2816 723 2894 putandus
742 2824 771 2872 et
789 2817 981 2872 discernendis
1000 2817 1035 2870 iis
1050 2834 1122 2888 quae
1137 2818 1279 2897 gravitate

187 2888 288 2952 esraa
306 2885 356 2937 sed
370 2890 401 2936 nt
415 2885 499 2938 homo
513 2883 678 2954 ingeniosus
691 2884 723 2936 il·
742 2885 865 2940 eminent
879 2891 908 2939 et
922 2901 994 2955 quae
1003 2886 1174 2940 secundaria
1183 2886 1221 2939 ad
1230 2886 1281 2942 illa

186 2951 241 3005 lius
259 2951 378 3020 exempli
396 2958 456 3006 arte
474 2953 597 3006 nutritus
611 2951 723 3006 dicendi
742 2953 910 3022 explicanda
936 2959 965 3007 et
991 2952 1178 3008 describenda
1200 2971 1281 3010 acce·

187 3036 278 3089 genus
291 3037 395 3073 novum
409 3019 531 3088 effinxit,
547 3020 625 3091 quod
639 3019 723 3074 certis
743 3023 812 3075 dunt
843 3020 990 3092 diligentia
1022 3026 1052 3075 at
1076 3021 1280 3091 perspicuitas,

186 3087 293 3157 regulis
309 3087 479 3157 descriptum
492 3102 572 3142 suum
585 3089 615 3141 in
629 3105 659 3142 se
674 3089 723 3142 ha·
743 3089 822 3144 cuius
848 3090 890 3143 rei
915 3089 1024 3143 illustre
1050 3091 1209 3169 exemplum
1236 3099 1281 3145 est

186 3155 237 3210 bet
261 3157 375 3209 modum
400 3157 580 3228 nativamque
608 3162 637 3209 et
659 3172 723 3210 con·
742 3157 885 3226 Ann.1,2,
899 3158 1281 3213 nbiunasententradescri-

188 3230 309 3277 stantem
339 3224 547 3293 proprietatem.
590 3224 636 3278 De
668 3242 724 3295 qua
742 3227 784 3281 bit
801 3226 943 3295 quomodo
957 3223 1104 3306 Augustus
1122 3226 1160 3280 ad
1176 3226 1281 3296 prinei·

188 3292 360 3360 sperandum
375 3298 418 3346 est
431 3293 566 3363 aequiora
580 3291 724 3347 hominum
742 3300 839 3363 patum
865 3302 1026 3363 pervenerit
1051 3311 1172 3364 eumque
1199 3294 1279 3348 nullo

186 3359 293 3414 iudicia
307 3361 382 3428 fore,
403 3360 612 3430 quantomagis
628 3361 722 3430 cogni·
743 3364 911 3416 adversante
926 3361 1046 3416 retinere
1061 3361 1195 3430 potuerit

187 3433 247 3481 tum
275 3435 304 3482 et
330 3430 551 3482 demonstratum
573 3428 638 3496 erit,
666 3445 723 3482 non
777 3427 834 3483 Sed
855 3430 927 3483 haec
949 3435 1034 3499 atque
1057 3429 1168 3500 reliqua
1185 3429 1280 3484 omnia

189 3495 306 3551 libidine
325 3497 447 3566 quadam
466 3502 494 3550 et
512 3495 666 3550 fluctuante
681 3513 724 3550 ar·
742 3515 814 3568 quae
828 3499 867 3551 ad
881 3496 1071 3567 eloquentiam
1084 3497 1178 3550 Taciti
1196 3497 1280 3568 perti-

189 3564 273 3618 bitrio
292 3566 376 3618 modo
390 3564 446 3618 hoc
460 3566 544 3618 modo
558 3564 630 3616 illud
645 3564 723 3617 omit·
742 3570 810 3619 nent
835 3566 948 3618 uoniam
956 3565 1204 3633 nonpossunthoc
1214 3567 1278 3620 loeo

187 3638 246 3685 tere
262 3632 405 3700 Tacitum,
425 3633 503 3703 quod
516 3633 552 3686 ad
571 3632 724 3702 legitimam
743 3583 903 3703 singuiatim
913 3631 1123 3700 enarrari,illud
1132 3633 1162 3686 in
1172 3651 1280 3688 summa

188 3700 448 3754 orationisformam
457 3700 661 3771 requirebatur,
674 3701 724 3753 sed
743 3702 847 3754 dixisse
858 3699 1040 3769 sufficit,esse
1051 3700 1208 3754 orationem
1217 3701 1278 3756 eius

188 3774 279 3822 certas
290 3784 352 3823 esse
363 3774 464 3823 sumet
474 3774 635 3823 constantes
645 3769 724 3838 leges
743 3769 881 3839 gravitate
909 3769 996 3849 plane
1027 3768 1221 3822 admirandam
1252 3775 1280 3824 et

190 3857 356 3900 —-,-
743 3837 818 3890 illius
832 3837 917 3890 animi
933 3836 1137 3906 magnitudinis
1155 3839 1278 3906 plenam,

213 3890 251 3980 ξζξ
269 3889 400 3990 3ᾗῖζῶἦέ
416 3942 500 3988 ,¹102
519 3943 547 3982 c,
561 3941 591 3982 ,q
606 3941 624 3991 ξ.
634 3942 667 3982 32·
685 3941 723 3990 N,
743 3904 944 3986 quaeinsignis
954 3903 1280 3972 cstinTaeito,eandem

189 3991 208 4038 a,
223 3993 255 4029 ⁴5.
742 3991 771 4027 ιιι
798 3990 906 4027 summa
930 3972 1069 4027 brevitate
1090 3972 1230 4027 illustrem
1252 3979 1280 4028 et

214 4043 253 4082 334
269 4043 345 4090 lnlqus
354 4044 406 4081 hace
417 4046 450 4082 est
458 4045 614 4084 Monboddonis
624 4045 723 4085 crimina-

189 4093 231 4140 tio,
247 4093 269 4132 ln
279 4105 320 4143 qna
329 4095 369 4132 hoc
378 4104 444 4133 unum
454 4099 511 4133 recte
521 4096 641 4142 intellexit,
656 4106 668 4134 a
678 4096 723 4135 Sal·
766 4097 804 4135 835
821 4095 887 4135 Recte
896 4095 974 4136 Wolfio
983 4095 1010 4134 ad
1018 4095 1100 4143 Anna.
1110 4095 1130 4136 1.
1144 4094 1232 4136 'l'scitus
1241 4104 1278 4134 ιιιι-

189 4145 396 4195 rustilpotssimnm
411 4147 510 4194 exemplo
523 4147 662 4194 repetendam
676 4156 723 4186 esse
741 4147 773 4186 dit
785 4146 820 4188 lrr'o
834 4151 908 4189 tantm
921 4145 1066 4189 modestiorem
1085 4156 1225 4188 elimatorum
1243 4155 1278 4189 or·

189 4195 317 4236 brevitatem
326 4201 348 4236 ct
357 4197 494 4236 velocitatem
503 4198 578 4237 Taciti.
742 4196 807 4250 lisca.
