2760 4874
218 387 281 451 130
566 391 748 447 coauusn
763 389 892 444 reem
977 385 980 391 ’

1076 491 1096 520 tt.
1106 491 1128 521 u.
1139 483 1187 522 777.
1199 484 1247 522 tta.

214 555 311 632 bella,
335 551 581 638 expugnationes
599 548 738 625 urbium,
761 548 850 613 fusos
870 558 1040 633 captosque
1057 570 1166 635 reges,
1190 568 1247 614 aut

215 649 242 714 si
265 647 390 732 quando
412 645 453 710 ad
474 645 595 708 interna
616 651 859 726 praeverterent,
882 642 1054 707 discordias
1077 643 1246 708 consulum

215 743 382 809 adversum
400 739 550 815 tribunos,
569 737 708 822 agrarias
726 735 1007 820 frumentariasque
1024 736 1122 823 leges,
1139 736 1245 823 plebis

215 847 247 901 et
264 834 459 921 optimatium
480 831 650 897 certamina
666 830 764 896 libero
787 852 918 917 egressu
934 831 1163 911 memorabant:
1186 855 1246 897 no-

215 930 264 995 bis
281 931 315 993 in
332 919 449 994 arto'et
464 925 617 1012 inglorius
634 924 736 1002 labor3
759 925 889 990 immota
910 926 1026 1011 quippe
1048 935 1103 990 aut
1119 927 1245 991 modice

214 1025 360 1091 lacessita
380 1045 457 1108 pax,
484 1029 622 1085 maestae
644 1019 730 1086 urbis
753 1041 817 1097 res3
844 1030 875 1084 et
896 1020 1041 1106 princeps
1062 1020 1245 1106 proferendi

214 1118 336 1204 imperii
349 1116 524 1182 incuriosus
538 1124 604 1179 erat
609 1139 618 1191 3
636 1136 700 1180 non
713 1123 818 1178 tamen
832 1114 899 1178 sine
916 1136 978 1179 usu
990 1114 1084 1179 fuerit
1094 1115 1245 1201 introspi-

215 1235 285 1280 cere
307 1212 365 1279 illa
384 1210 486 1296 primo
508 1220 638 1294 aspectu
659 1208 753 1286 levia,
782 1230 822 1273 ex
843 1209 914 1292 quis
935 1231 1120 1295 magnarum
1147 1231 1244 1295 saepe

164 1328 196 1375 33
213 1329 318 1373 rerum
335 1315 439 1370 motus
457 1303 606 1368 oriuntur.
629 1325 702 1367 nam
721 1312 850 1367 cunetas
866 1303 1007 1368 nationes
1025 1311 1056 1368 et
1073 1302 1169 1368 urbes
1186 1325 1244 1389 po-

213 1402 306 1487 pulus
330 1409 384 1464 aut
403 1398 556 1484 primores
579 1406 633 1462 aut
655 1397 771 1482 singuli
792 1407 919 1483 regrmt:
946 1396 1067 1506 debota
1088 1418 1129 1462 ex
1149 1395 1189 1461 iis
1212 1407 1245 1462 et

215 1495 393 1562 consociata
413 1493 459 1557 rei
480 1491 624 1576 publicae
645 1490 748 1556 forma
768 1491 889 1557 laudari
911 1491 1034 1556 facibus
1056 1506 1153 1575 quam
1170 1512 1244 1556 eve-

214 1590 296 1667 nire,
322 1587 372 1652 vel
391 1587 418 1652 si
440 1586 557 1663 evenit,
584 1584 669 1650 haud
691 1586 838 1650 diubnna
859 1607 929 1650 esse
950 1593 1068 1671 potest3
1094 1584 1191 1671 igitur
1208 1594 1245 1650 ut

190 1747 193 1751 .
215 1685 289 1750 oiim
318 1680 410 1767 plebe
440 1680 544 1745 valida
573 1680 624 1745 vel
650 1703 722 1745 oum
751 1691 856 1765 patres
886 1681 1053 1766 pollerent,
1083 1680 1245 1747 noscenda

217 1776 302 1862 vulgi
319 1784 430 1840 natura
447 1783 478 1838 et
500 1773 614 1857 quibus
632 1774 733 1841 modis
756 1783 964 1860 temperanter
984 1773 1179 1852 haberetur,
1194 1789 1244 1840 se}

215 1879 371 1953 natusque
387 1877 418 1935 et
431 1867 628 1952 optimatium
641 1868 766 1954 ingonia
783 1870 837 1954 qui
849 1869 985 1935 maxime
1002 1869 1243 1953 perdidicerant,

216 1964 320 2030 callidi
341 1973 517 2047 temporum
539 1971 570 2026 et
593 1962 749 2046 sapientes
771 1962 991 2039 credebantur,
1018 1961 1064 2027 sic
1090 1983 1244 2027 converso
1327 1989 1329 1997 ·

216 2067 299 2124 statu
315 2077 417 2141 neque
435 2055 546 2121 aliare
564 2055 706 2120 Romana
722 2078 817 2139 quam
836 2057 863 2122 si
880 2079 962 2122 unus
978 2055 1145 2141 imperitet,
1164 2055 1244 2120 haec
1326 2086 1329 2093 ¹

215 2151 355 2235 conquiri
372 2150 514 2232 tradique
532 2149 565 2213 in
582 2171 649 2213 rem
665 2148 773 2226 fuerit,
796 2150 870 2232 quia
890 2150 983 2235 pauci
1003 2149 1170 2234 prudentia
1186 2149 1245 2215 ho-

215 2254 305 2311 nesta
322 2243 362 2309 ab
384 2242 602 2320 deterioribus,
626 2242 715 2308 utilia
736 2241 895 2313 obnoxiis
918 2243 1112 2320 discernunt,
1134 2242 1244 2328 plures

216 2340 346 2409 aliorum
363 2339 483 2405 eventis
501 2339 660 2404 docentur.
688 2347 825 2402 ceterum
842 2347 877 2401 ut
894 2338 1071 2424 profutura,
1089 2337 1134 2401 ita
1150 2336 1244 2411 mini-

215 2457 301 2499 mum
319 2431 532 2499 oblectationis
547 2432 704 2510 adferunt3
723 2454 797 2496 nam
810 2431 888 2496 situs
907 2432 1056 2517 gentium,
1075 2431 1243 2498 varietates

215 2528 417 2612 proeliorum,
444 2527 520 2592 clari
541 2527 657 2592 dueum
683 2526 785 2591 exitus
811 2526 946 2593 retinent
967 2547 1005 2590 ao
1029 2524 1245 2610 redintegrant

215 2620 556 2706 legentiumanimum:
579 2643 637 2685 nos
656 2642 751 2685 saeva
768 2620 868 2697 iussa,
888 2620 1050 2684 continuas
1069 2619 1243 2690 accusatio-

216 2736 286 2791 nes,
309 2714 437 2778 failaoes
456 2714 622 2790 amicitias,
646 2714 814 2798 perniciem
837 2713 1048 2778 innocentium
1066 2721 1098 2778 et
1115 2712 1243 2776 easdem

216 2807 302 2871 exitu
328 2827 440 2870 causas
467 2806 700 2890 coniungimus,
731 2806 825 2871 obvia
848 2828 953 2870 rerum
966 2849 971 2855 -
984 2805 1186 2871 similitudine
1212 2815 1244 2872 et

217 2900 373 2977 satietate3
396 2906 476 2976 tum,
499 2899 584 2982 quod
607 2900 742 2982 antiquis
762 2900 964 2984 scriptoribus
981 2897 1243 2964 rarusobtreota-

216 3003 277 3070 tor,
309 3013 411 3076 neque
436 2991 531 3056 refert
557 2993 742 3076 cuiusquam
768 2994 904 3058 Punicas
931 2994 1132 3059 Romanasne
1158 2993 1242 3058 acies

215 3086 327 3152 laetius
341 3086 510 3152 extulerisz·
522 3096 554 3152 at
566 3087 746 3165 multorum,
760 3088 813 3171 qui
827 3087 954 3153 Tiberio
967 3095 1094 3172 regente
1107 3107 1243 3170 poenam

162 3258 167 3264 0
216 3181 267 3246 vel
283 3180 429 3246 infamias
444 3179 575 3258 subiere,
594 3182 710 3266 posteri
727 3192 868 3259 manent3
886 3190 982 3266 utque
1000 3181 1137 3247 familiae
1154 3182 1242 3266 ipsae

215 3276 279 3341 iam
296 3275 451 3342 extinctae
469 3275 544 3352 sint,
570 3276 706 3360 reperies
729 3276 784 3360 qui
804 3274 845 3341 ob
869 3276 1102 3341 similitudinem
1119 3298 1242 3341 morum

216 3371 317 3437 aliena
334 3368 500 3435 malefacta
518 3368 578 3437 sibi
590 3369 739 3437 obiectari
755 3379 879 3455 putent3
898 3371 991 3434 etiam
1009 3371 1109 3456 gloria
1126 3392 1164 3435 ac
1181 3370 1244 3433 vir·

217 3476 267 3555 tus
280 3465 421 3531 infensos
435 3463 539 3541 habet,
557 3474 593 3527 ut
608 3460 701 3529 nimis
715 3487 755 3529 ex
767 3465 942 3550 propinquo
955 3465 1079 3530 diversa
1096 3485 1242 3551 arguens.

185 3588 188 3593 ·
217 3560 275 3627 sed
292 3563 334 3625 ad
349 3561 476 3643 incepta
492 3558 596 3641 redeo
631 3609 635 3614 .
830 3592 834 3597 -
1157 3596 1159 3605 ·

166 3677 200 3725 ea
282 3652 439 3740 Casama
459 3650 570 3730 Cosso,
589 3654 698 3719 Asnrro
710 3651 848 3718 Acerras
866 3652 1046 3718 consulibus
1062 3651 1244 3717 Cremutius

219 3749 342 3816 Cordus
360 3746 549 3832 postulatur,
572 3769 654 3812 novo
673 3769 710 3812 ae
727 3757 801 3812 tune
822 3747 958 3832 primum
980 3748 1086 3813 audito
1104 3746 1242 3821 crimine,

165 3872 181 3895 .·
217 3842 302 3927 quod
323 3841 415 3906 editis
437 3839 601 3905 annaiibus
627 3840 815 3925 laudatoque
836 3841 884 3905 M.
907 3841 1008 3906 Bruto
1032 3840 1070 3906 C⁴
1094 3840 1244 3906 Cassium

217 3935 433 4002 Romanorum
443 3935 594 4000 ultimum
612 3933 751 4003 dixisset.
774 3935 965 4000 accusabant
979 3933 1102 4001 Satrius
1122 3931 1243 4005 Secun-

110 4097 113 4103 ,
218 4028 278 4095 dus
296 4036 328 4091 et
344 4027 489 4095 Pinarius
502 4029 606 4109 Natta,
627 4028 734 4095 Seiani
751 4029 892 4103 clientes:
910 4030 944 4093 id
960 4028 1242 4115 pemiciabile'req

107 4120 387 4589 *aaa
408 4124 490 4188 truci
509 4123 598 4188 vultu
619 4123 833 4189 defensionem
855 4124 1024 4209 accipiens,
1048 4144 1143 4207 quam
1165 4119 1243 4185 Cre·

956 4702 998 4765 ⁸
1089 4653 1102 4679 ,
