2760 4874
267 380 332 447 206
616 388 799 447 couusnu
812 388 945 445 raum

1189 491 1202 520 a
1220 493 1233 520 u
1250 484 1286 522 80⁰

264 550 419 627 meabant,
437 548 470 613 in
483 547 574 613 litora
586 546 762 611 Taurorum
775 546 894 613 delatas
907 547 1143 614 circumvenere
1161 546 1291 628 barbari,

263 644 422 731 praefecta
440 642 575 708 cohortis
593 650 624 705 et
640 640 797 726 plerisque
814 640 1009 707 auxiliarium
1027 640 1216 707 interfectis.

216 756 246 804 18
326 739 451 803 Interea
468 734 681 812 Mithridates,
700 734 785 799 nullo
803 735 836 799 in
852 735 947 800 armis
966 733 1121 813 subsidio,
1140 737 1293 802 consultat

263 834 352 898 euius
362 829 605 896 misericordiam
614 828 817 913 experiretur:
832 828 928 893 frater
938 827 1048 914 Cotys,
1057 830 1292 914 proditorolim‚

263 927 376 991 deinde
394 924 506 1001 hostis,
529 921 739 1000 metuebatur;
761 922 976 988 Romanorum
996 944 1093 988 nemo
1110 923 1146 987 id
1163 924 1293 989 auctori·

263 1021 335 1085 tatis
354 1019 474 1095 aderat,
493 1026 527 1081 ut
544 1016 699 1102 promissa
716 1016 782 1081 eius
801 1015 907 1103 magni
924 1015 1153 1101 penderentur:
1172 1017 1216 1082 ad
1231 1016 1294 1082 Eu-

263 1136 366 1178 nonen
380 1111 540 1187 convertit,
559 1109 691 1195 propriis
705 1109 784 1175 odiis
798 1132 861 1173 non
874 1109 1033 1174 infensum
1050 1119 1084 1174 et
1096 1132 1212 1177 reeens
1225 1133 1294 1176 eon·

262 1209 369 1271 iuncta
390 1205 553 1270 nobiseum
575 1203 712 1268 amicitia
733 1203 881 1268 ualidum.
912 1203 1009 1290 igitur
1030 1203 1120 1268 cultu
1142 1204 1293 1289 :uultuque

262 1323 357 1384 quarn
375 1299 510 1363 maxime
527 1297 568 1361 ad
584 1307 780 1382 praesentem
798 1297 955 1362 sedunam
971 1305 1158 1382 comparato
1176 1299 1293 1384 regiam

262 1395 448 1480 ingreditur,
471 1390 665 1478 genibusque
689 1391 755 1455 cius
777 1390 960 1477 provolutus
979 1390 1233 1471 „Mithridates“
1250 1392 1294 1456 in·

242 1494 251 1507 ”
258 1489 330 1571 quit
345 1498 446 1567 „terra
459 1485 597 1569 marique
607 1483 758 1549 Romanis
772 1507 828 1570 per
840 1495 886 1550 tot
899 1508 997 1550 annos
1006 1485 1176 1568 quaesitus
1186 1497 1293 1572 sponte

262 1583 388 1645 adsum:
411 1590 511 1656 utere,
534 1587 570 1642 ut
593 1577 694 1655 voles,
717 1578 803 1663 prole
825 1579 933 1664 magni
955 1576 1189 1658 Achaemenis,
1213 1579 1293 1664 quod

262 1675 339 1737 mihi
358 1674 459 1737 solum
477 1672 582 1737 hostes
601 1694 664 1735 nan
682 1671 906 1738 abstulerunt.“
1148 1686 1151 1691 ’

213 1789 243 1834 ro
325 1769 372 1830 At
384 1767 534 1831 Eunones
553 1765 734 1830 claritudine
752 1766 820 1844 viri,
838 1766 1009 1831 mutatione
1026 1787 1135 1831 rerum
1153 1775 1188 1831 et
1204 1789 1293 1852 prere

261 1861 346 1925 haud
358 1860 505 1946 degeneri
515 1868 684 1945 permotus,
698 1859 822 1925 adlevat
837 1860 1009 1946 supplicem
1021 1859 1200 1947 laudatque
1213 1861 1293 1945 quod

261 1964 387 2040 gentem
410 1954 599 2030 Aorsorum,
622 1953 708 2036 quod
730 1977 820 2018 suam
841 1955 983 2019 dextram
1003 1955 1163 2039 petendae
1186 1955 1293 2019 venue

262 2049 421 2135 delegerit.
450 2049 543 2113 simul
565 2047 687 2133 legatos
709 2047 889 2132 litterasque
907 2048 948 2112 ad
966 2046 1141 2113 Caesarem
1159 2049 1195 2112 in
1213 2048 1292 2112 hunc

261 2144 390 2208 modum
413 2143 519 2207 mittit:
542 2142 650 2228 populi
671 2141 806 2206 Romani
827 2141 1080 2227 imperatoribus,
1105 2164 1292 2228 magnarum

261 2238 422 2302 nationum
439 2235 566 2322 regibus
589 2235 721 2320 primam
740 2257 780 2300 ex
802 2235 1003 2300 similitudine
1020 2234 1169 2300 fortunae
1188 2235 1308 2300 amici·'

261 2333 350 2409 tiam,
374 2330 482 2396 sibiet
501 2329 634 2396 Claudio
653 2329 746 2394 etiam
769 2330 1020 2405 communionem
1036 2329 1191 2395 victoriae
1210 2352 1289 2406 esse;

261 2425 413 2490 bellorum
432 2425 575 2511 egregios
593 2423 686 2501 fines,
710 2425 853 2508 quotiens
870 2424 1064 2511 ignoscendo
1081 2425 1289 2510 transigatur;

262 2521 307 2584 sic
330 2520 453 2584 Zorsini
474 2520 557 2584 victo
579 2518 655 2582 nihil
677 2528 831 2603 ereptum:
857 2541 915 2604 pro
936 2516 1138 2596 Mithridate,
1166 2518 1290 2602 quando

261 2615 387 2698 gravius
406 2622 588 2687 mereretur,
611 2635 675 2676 non
691 2612 863 2697 potentiam
884 2634 986 2695 neque
1006 2635 1144 2698 regnum
1160 2612 1288 2698 precari,

261 2708 318 2771 sed
335 2731 374 2772 ne
393 2709 634 2792 triumpharetur
650 2730 729 2772 neve
746 2731 864 2793 poenas
883 2710 983 2794 eapite
1002 2709 1207 2794 expenderet

211 2819 243 2864 20
325 2800 371 2864 At
395 2801 561 2878 Claudius,
585 2823 775 2885 quamquam
797 2802 1010 2868 nobilitatibus
1032 2803 1174 2868 externis
1198 2803 1288 2878 mitis,

261 2892 414 2957 dubitarit
432 2902 549 2971 tamen,
568 2896 708 2981 accipere
727 2896 885 2980 captivum
902 2904 994 2982 pacto
1013 2896 1125 2961 salutis
1144 2921 1188 2961 an
1206 2919 1289 2982 repc-

260 2997 326 3051 tere
348 2987 442 3051 annis
468 2989 583 3054 rectius
604 2990 700 3053 foret:
726 2989 799 3054 hino
822 2989 910 3054 dolor
931 2991 1117 3054 iniuriarum
1139 3000 1173 3055 et
1195 2991 1289 3056 libido

262 3081 417 3146 vindictae
440 3081 599 3168 adigebat3
623 3084 679 3148 sed
701 3084 912 3148 disserebatur
933 3093 1054 3149 eontra:
1082 3085 1207 3170 suscipi
1228 3085 1289 3151 bel-

261 3174 327 3239 lum
345 3175 415 3240 avio
437 3176 559 3253 itinere,
582 3177 764 3262 inportuosa
781 3177 873 3255 mari3
897 3178 937 3242 ad
958 3178 1018 3242 hoo
1039 3200 1134 3263 reges
1158 3179 1287 3252 feroces,

260 3292 359 3355 vagos
373 3269 514 3355 populos,
531 3270 632 3334 solum
646 3270 773 3357 frugum
782 3294 893 3356 egens3
907 3281 974 3336 tum
988 3272 1127 3336 taedium
1142 3295 1183 3336 ex
1193 3296 1287 3348 mora,

260 3365 398 3448 pericula
424 3387 464 3428 ex
485 3365 696 3450 properantia,
723 3366 879 3430 modicam
905 3365 1076 3430 victoribus
1102 3365 1235 3432 laudem
1255 3389 1288 3431 ac

259 3459 393 3522 multum
414 3458 562 3523 infamiae
585 3460 611 3524 si
633 3459 833 3543 pellerentur:
861 3461 936 3543 quin
958 3460 1108 3545 arriperet
1131 3461 1241 3526 oblata
1260 3470 1288 3526 et

261 3561 398 3616 servaret
416 3552 552 3630 exulem,
576 3553 627 3617 cui
643 3553 729 3638 inopi
746 3563 861 3636 quanto
879 3555 1052 3640 longiorem
1070 3555 1186 3633 vitam,
1206 3565 1287 3621 tanto

260 3645 330 3729 plus
350 3646 493 3730 supplicii
506 3645 582 3711 fore.
605 3646 655 3710 his
667 3658 826 3731 permotus
845 3649 969 3734 scripsit
981 3648 1124 3728 Eunoni:
1144 3651 1286 3715 meritum

260 3740 387 3822 quidem
408 3741 579 3805 novissima
601 3741 744 3826 exempla
760 3740 978 3820 Mithridaten,
1000 3765 1059 3807 nec
1082 3743 1145 3808 sibi
1168 3745 1234 3809 vim
1251 3744 1289 3809 ad

261 3835 478 3916 exequendum
490 3835 615 3913 deesse;
634 3858 742 3899 verum
756 3836 800 3901 ita
812 3837 981 3902 maioribus
995 3837 1158 3922 placitum,
1173 3849 1287 3922 quanta

259 3928 433 4010 pervicacia
455 3929 488 3992 in
504 3928 641 4006 hostem,
665 3939 750 3994 tanta
771 3930 975 3996 beneficentia
997 3931 1152 3999 adversus
1172 3933 1287 4019 suppli·

260 4041 312 4125 ces
330 4022 494 4129 utendum:
517 4046 590 4088 nam
613 4025 785 4110 triumphos
808 4026 847 4090 de
869 4026 992 4111 populis
1015 4026 1189 4111 regnisque
1211 4028 1286 4091 intc-

260 4134 324 4195 grrs
343 4135 469 4197 acquin.
