2760 4874
1162 519 1182 549 ιι.
1192 520 1215 549 u.
1226 510 1273 550 813.

190 603 223 650 at
305 577 379 662 Ipse
397 574 614 657 exercitusque
632 583 667 636 ut
683 573 777 638 nullis
796 596 835 637 ex
857 571 975 660 proelio
993 574 1130 653 damnis,
1154 576 1199 641 ita
1215 600 1274 662 per

241 672 378 757 inopiam
396 681 428 733 et
444 668 567 733 labores
585 666 782 744 fatiscebant,
801 689 894 731 came
911 668 1070 752 pecudum
1086 671 1273 755 propulsare

240 766 357 831 famem
375 763 492 839 adacti3
511 761 552 825 ad
569 760 629 825 hoc
646 761 776 845 penuria
792 781 907 845 aquae,
926 761 1048 826 fervida
1065 772 1183 844 aestas,
1204 763 1273 829 lon-

240 861 359 946 ginqua
380 858 491 922 itinera
513 855 581 920 sola
603 854 692 919 ducis
718 855 869 939 patientia
893 855 1131 943 mitigabantur,
1159 858 1272 923 eadem

241 955 388 1039 pluraque
405 950 549 1037 gregario
571 949 668 1013 milite
691 948 861 1014 tolerantis.
888 959 1017 1014 ventum
1039 951 1153 1015 dehinc
1173 952 1208 1015 in
1225 952 1271 1017 lo-

241 1070 295 1111 cos
313 1047 413 1111 cultos
440 1045 665 1126 demessaeque
694 1053 832 1129 segetes,
861 1053 892 1108 et
913 1066 954 1108 ex
975 1044 1098 1110 duobus
1121 1046 1269 1124 castellis,

240 1144 273 1207 in
298 1164 379 1225 quae
405 1141 611 1226 confugerant
636 1138 794 1218 Armenii,
823 1141 955 1206 alterum
980 1142 1100 1228 impetu
1126 1153 1268 1229 captum3

240 1239 293 1321 qui
311 1237 444 1322 primam
461 1234 525 1299 vim
544 1233 741 1319 depulerant,
760 1234 924 1301 obsidione
942 1247 1106 1322 coguntur.
1134 1239 1219 1302 unde
1236 1239 1268 1302 in

239 1331 399 1418 regionem
422 1328 662 1393 Tauraunitium
689 1337 904 1415 transgressus
930 1330 1125 1416 inprovisum
1146 1333 1269 1417 pericu-

239 1425 305 1489 lum
322 1423 445 1501 vitavit;
469 1446 543 1488 nam
560 1423 646 1488 haud
667 1423 776 1508 procul
798 1425 931 1489 tentorio
949 1425 1015 1490 eius
1034 1447 1098 1490 non
1119 1425 1268 1512 ignobilis

239 1517 390 1584 barbarus
401 1540 473 1582 cum
485 1517 547 1581 telo
556 1525 696 1602 rapertus
705 1517 845 1585 ordinem
858 1518 1042 1583 insidiarum
1052 1540 1149 1602 seque
1162 1528 1269 1584 aucto-

238 1635 305 1678 rem
327 1621 358 1676 et
380 1611 482 1675 socios
504 1632 561 1694 per
582 1620 735 1675 tormenta
757 1610 867 1689 edidit,
896 1612 1092 1696 convictique
1114 1623 1146 1677 et
1166 1614 1269 1699 puniti

240 1714 312 1770 sunt
328 1705 383 1788 qui
402 1703 505 1789 specie
523 1703 676 1767 amicitiae
695 1703 802 1769 dolum
818 1705 980 1791 parabant.
1002 1727 1061 1770 nec
1078 1706 1179 1771 multo
1196 1716 1269 1792 post

238 1798 333 1885 legati
353 1797 577 1884 Tigranocerta
594 1797 682 1862 missi
700 1807 806 1883 patere
824 1799 947 1864 moenia
965 1799 1112 1878 afferunt,
1131 1800 1268 1866 intentos

238 1891 397 1979 popularis
415 1892 456 1956 ad
477 1891 578 1977 iussa3
602 1891 695 1956 simul
707 1893 871 1978 ¹hospitale
894 1894 1024 1972 donum,
1047 1916 1195 1960 coronam
1213 1919 1269 1960 au-

239 2008 339 2064 ream,
362 1984 539 2062 tradebant,
563 1986 745 2070 accepitque
767 2009 839 2051 cum
860 1987 992 2066 honore3
1016 1988 1268 2073 necquicquam

239 2079 309 2145 urbi
318 2080 500 2156 detractum,
515 2101 578 2162 quo
586 2080 760 2165 promptius
774 2079 960 2164 obsequium
968 2081 1081 2168 integri
1089 2082 1267 2147 retinerent

189 2194 221 2243 25
302 2172 349 2238 At
370 2172 561 2257 praesidium
579 2173 741 2259 Legerda,
764 2174 956 2257 quodterox
977 2176 1124 2239 iuventus
1147 2175 1268 2240 clause-

239 2276 296 2344 rat,
315 2290 378 2332 non
396 2267 463 2331 sine
477 2268 645 2331 certamine
663 2277 876 2353 expugnatum
894 2279 956 2346 est3
974 2291 1048 2332 nam
1066 2278 1096 2333 et
1112 2269 1268 2354 proehum

238 2383 295 2447 pro
313 2361 410 2425 muris
428 2361 497 2425 ausi
519 2371 607 2426 erant
624 2371 655 2426 et
671 2362 756 2446 pulsi
772 2361 853 2426 intra
875 2363 1068 2427 munimenta
1086 2363 1195 2449 aggeri
1212 2364 1268 2427 de-

239 2479 326 2519 mum
347 2465 379 2520 et
399 2455 637 2539 irrumpentium
664 2454 758 2520 armis
780 2476 917 2533 cessere3
944 2478 1025 2539 quae
1047 2456 1171 2521 facilius
1195 2471 1267 2541 pr02

239 2549 418 2626 veniebant,
442 2550 516 2631 quia
537 2549 648 2613 Parthi
665 2549 816 2633 Hyrcano
838 2549 920 2614 bello
944 2550 1187 2628 distinebantur3
1208 2552 1268 2615 mi-

240 2652 404 2725 serantque
435 2642 576 2726 Hyrcani
608 2643 648 2707 ad
677 2643 850 2732 principem
875 2643 1054 2708 Romanum
1085 2645 1267 2709 societatem

239 2745 374 2811 oratum,
406 2736 528 2799 attineri
554 2761 573 2800 a
599 2759 633 2801 se
659 2735 840 2822 Vologesen
865 2760 921 2822 pro
950 2738 1082 2823 pignore
1112 2739 1267 2802 amicitiae

239 2839 439 2894 ostentantes.
459 2853 513 2895 eos
528 2832 739 2916 regredientes
753 2830 901 2909 Corbulo,
916 2855 955 2899 ne
968 2832 1153 2917 Euphraten
1166 2842 1267 2897 trans-

238 2922 339 3009 gressi
357 2922 494 2986 hostium
512 2925 664 2988 custodiis
686 2926 995 3002 circumvenirentur,
1018 2926 1091 2989 dato
1108 2926 1267 3011 praesidio

239 3017 280 3080 ad
297 3015 388 3079 litora
406 3017 499 3081 maris
515 3015 601 3080 rubri
615 3017 754 3096 deduxit,
770 3018 855 3083 unde
871 3018 976 3083 vitatis
990 3018 1182 3082 Parthorum>
1198 3019 1267 3082 fini-

189 3131 220 3180 at
240 3110 299 3177 bus
316 3109 433 3195 patrias
452 3110 484 3172 in
498 3111 588 3175 sedes
602 3134 789 3177 remeavere.
813 3113 889 3197 quin
907 3122 938 3176 et
951 3112 1112 3176 Tiridaten
1125 3135 1183 3197 per
1195 3113 1266 3177 Me-

239 3207 295 3271 dos
315 3216 454 3270 extrema
471 3206 642 3271 Armeniae
659 3207 839 3284 intrantem,
858 3208 1031 3292 praemisso
1049 3229 1122 3271 cum
1140 3208 1265 3271 auxiliis

200 3385 202 3391 Ι
239 3300 397 3365 Verulano
415 3299 536 3385 legato,
555 3311 649 3384 atque
666 3301 734 3387 ipse
753 3300 928 3387 legionibus
947 3301 1030 3377 citis,
1054 3300 1140 3365 abire
1157 3301 1266 3385 procul

240 3418 277 3458 ac
296 3417 384 3479 spem
398 3394 471 3459 belli
486 3395 626 3460 amittere
641 3395 780 3481 subegit3
798 3417 939 3478 quosque
953 3395 1043 3460 nobis
1058 3398 1200 3459 adversos
1214 3407 1267 3463 aot

240 3490 398 3576 ambigere
407 3490 516 3555 animis
527 3491 724 3576 cognoverat,
739 3490 887 3555 caedibus
901 3501 933 3554 et
945 3490 1096 3555 incendiis
1110 3512 1267 3574 perpopu-

239 3584 331 3662 latus,
350 3584 583 3669 possessionem
597 3583 767 3649 Armeniae
781 3585 963 3670 usurpabat,
981 3607 1053 3649 cum
1071 3585 1198 3648 advenit
1212 3585 1267 3647 Ti-

243 407 306 474 266
314 364 329 393 ο
596 415 780 471 CORNELII
793 415 923 471 TACITI

239 3702 352 3765 graues
371 3703 390 3742 a
403 3678 526 3742 Nerone
541 3679 580 3742 ad
594 3678 821 3763 capessendum
834 3679 998 3764 imperium
1012 3679 1161 3754 delectus,
1182 3677 1267 3762 Cap-

239 3775 394 3858 padocum
418 3795 457 3836 ex
478 3772 655 3850 nobilitate,
681 3773 765 3858 regis
788 3771 937 3837 Archelai
962 3794 1074 3856 nepos,
1103 3772 1160 3836 sed
1182 3772 1267 3855 quod

240 3868 294 3930 diu
313 3866 406 3932 obses
425 3867 509 3951 apud
532 3866 642 3931 urbem
663 3865 780 3943 fuerat,
803 3867 962 3949 usquead
981 3865 1125 3943 servilem
1146 3865 1266 3950 patien-

241 3962 316 4027 tiam
329 3961 499 4037 demissus3
517 3983 575 4025 nec
589 3983 743 4026 consensu
757 3970 914 4044 acceptus,
929 3960 1060 4024 durante
1073 3960 1159 4044 apud
1172 3982 1266 4042 quos-

241 4055 313 4121 dam
336 4053 443 4117 favore
461 4052 699 4132 Arsacidarum,
722 4053 911 4139 at²plerique
925 4052 1114 4138 superbiam
1128 4052 1266 4117 Partho-

240 4169 310 4216 rum
332 4147 435 4231 perosi
458 4147 564 4211 datum
587 4171 606 4211 a
627 4148 778 4212 Romanis
801 4137 908 4232 regem
930 4144 1095 4211 malebant
1124 4144 1265 4210 additum
