2760 4874
36 422 47 439 ·
141 394 202 458 122
487 400 669 458 CORNELII
683 400 813 458 TACITI

1050 504 1071 533 ιι.
1081 505 1103 533 u.
1114 497 1162 536 rra.

138 562 262 627 adultus
284 561 364 624 inter
386 566 524 622 extorres
543 566 574 621 et
595 556 768 620 liberalium
791 559 903 622 artium
926 559 1063 637 nescios,
1086 585 1161 627 mox

136 678 193 741 per
205 653 347 717 Africam
365 673 402 715 ac
417 648 556 715 Siciliam
574 651 721 713 mutando
741 651 881 716 sordidas
899 656 1018 716 merces
1037 663 1162 718 susten·

137 749 273 823 tabatur;
300 765 401 827 neque
427 752 531 807 tamen
557 742 667 828 effugit
689 766 821 828 magnae
843 742 986 810 fortunae
1010 746 1160 830 pericula,

137 864 174 906 ac
195 841 228 904 ni
249 837 361 903 Aelius
383 837 498 901 Lamia
520 845 552 899 et
572 837 613 899 L.
636 838 811 920 Apronius,
838 838 892 919 qui
913 837 1057 903 Africam
1079 839 1161 904 obti-

136 943 280 1009 nuerant,
299 934 452 996 insontem
470 930 692 1014 protexissent,
719 930 901 996 claritudine
918 932 1047 998 infausti
1063 955 1161 1018 gene·

135 1028 177 1092 ris
196 1035 228 1090 et
243 1026 380 1112 paternis
399 1023 538 1088 adversis
555 1023 637 1087 soret
654 1023 838 1089 abstractus.

87 1144 118 1190 14
199 1120 232 1184 Is
251 1140 374 1202 quoque
393 1140 492 1181 annus
514 1116 686 1201 legationes
705 1114 896 1181 Graecarum
914 1118 1086 1184 civitatium
1103 1119 1160 1184 ha-

136 1214 218 1290 buit,
243 1211 359 1277 Samiis
376 1210 521 1287 lunonis,
546 1208 622 1274 Cois
644 1207 828 1294 Aesculapii
849 1210 979 1276 delubro
1000 1220 1159 1276 vetustum

136 1307 216 1391 asyli
237 1307 286 1370 ius
305 1314 339 1368 ut
355 1304 530 1368 firmaretur
545 1302 737 1387 petentibus:
762 1300 861 1368 Samii
883 1304 1006 1369 decreto
1022 1303 1160 1390 Amphi·

135 1411 283 1484 ctyonum
300 1397 490 1472 nitebantur,
513 1396 583 1478 quis
601 1396 804 1481 praecipuum
821 1396 881 1463 suit
897 1419 1000 1461 rerum
1017 1398 1159 1463 omnium
1231 1449 1234 1460 .

135 1492 285 1557 iudicium
302 1512 365 1573 qua
383 1498 566 1574 tempestate
585 1487 699 1553 Graeci
720 1489 852 1554 conditis
869 1510 926 1574 per
942 1489 1055 1554 Asiam
1072 1491 1159 1556 urbi-

135 1586 195 1651 bus
213 1608 268 1650 ora
284 1584 378 1648 maris
396 1582 601 1668 potiebantur.
628 1603 729 1665 neque
747 1583 852 1667 dispar
873 1583 958 1667 apud
976 1582 1061 1648 Coos
1079 1583 1158 1647 anti-

135 1679 248 1761 quitas,
267 1686 298 1740 et
316 1675 483 1740 accedebat
497 1676 641 1739 meritum
654 1697 694 1739 ex
711 1675 793 1740 loco:
812 1698 885 1740 narn
898 1676 982 1741 cives
996 1675 1157 1740 Romanos

136 1770 252 1855 templo
269 1769 453 1852 Aesculapii
469 1769 668 1845 induxerant,
691 1791 763 1832 curn
780 1769 869 1833 iussu
890 1766 974 1854 regis
991 1768 1158 1833 Mithrida-

135 1865 175 1928 tis
193 1864 276 1947 apud
294 1872 420 1928 cunctas
438 1860 537 1926 Asiae
553 1861 673 1927 insulas
691 1872 722 1926 et
738 1863 832 1928 urbes
850 1863 1084 1927 trucidarentur.

198 1957 303 2022 Variis
325 1957 438 2021 dehinc
460 1966 491 2021 et
513 1957 638 2041 saepius
660 1957 758 2022 inritis
780 1966 957 2041 praetorum
983 1956 1156 2039 questibus,

135 2061 293 2136 postremo
312 2051 431 2116 Caesar
448 2051 487 2115 de
504 2050 691 2115 inmodestia
708 2050 893 2115 histrionum
909 2050 1040 2115 rettulit:
1059 2050 1158 2114 multa

135 2146 175 2209 ab
197 2145 235 2209 iis
258 2146 291 2208 in
312 2144 472 2229 publicum
495 2144 656 2221 seditiose,
680 2142 773 2209 foeda
793 2166 850 2228 per
871 2145 980 2209 domos
998 2144 1156 2229 temptari3

137 2237 259 2304 Oscum
280 2239 439 2321 quondam
459 2238 627 2314 ludicrum,
650 2236 826 2302 levissimae
849 2239 933 2323 apud
954 2238 1084 2324 vulgum
1101 2238 1157 2304 ob-

134 2332 321 2408 lectationis,
345 2354 383 2396 eo
400 2331 588 2417 flagitiorum
605 2339 636 2395 et
653 2331 765 2394 virium
783 2331 907 2395 venisse
924 2343 958 2394 ut
975 2331 1156 2395 auctoritate

133 2434 258 2509 patrum
274 2425 480 2490 coercendum
498 2425 546 2488 sit.
569 2424 652 2507 pulsi
670 2432 736 2487 tum
753 2424 918 2488 histriones
935 2423 1036 2489 Italia.
1153 2495 1154 2499 ,

86 2538 116 2585 15
197 2518 288 2582 Idem
305 2541 405 2583 annus
423 2518 483 2582 alio
501 2538 625 2601 quoque
647 2516 738 2580 luctu
752 2515 921 2581 Caesarem
938 2516 1057 2594 adficit,
1080 2517 1157 2582 alte-

133 2634 203 2675 rum
225 2628 265 2675 e'x
286 2612 419 2696 geminis
436 2610 536 2674 Drusi
557 2609 663 2675 liberis
686 2611 910 2695 extinguendo,
933 2632 1034 2692 neque
1051 2610 1155 2682 miuus

134 2714 232 2769 morte
251 2705 356 2783 amici3
374 2705 401 2768 is
415 2703 475 2767 fuit
487 2703 630 2767 Lucilius
643 2704 787 2788 Longus,
807 2703 946 2768 omnium
963 2703 1008 2766 illi
1021 2704 1156 2767 tristium

133 2797 346 2879 laetorumque
360 2797 464 2860 socius
477 2817 621 2878 unusque
638 2819 656 2861 e
674 2797 868 2861 senatoribus
881 2797 998 2861 Rhodii
1012 2819 1156 2863 secessus

134 2911 253 2952 comes:
284 2890 328 2953 ita
353 2909 543 2972 quamquam
567 2911 649 2953 novo
680 2889 812 2967 homini,
844 2889 1020 2954 censorium
1049 2889 1154 2967 finnus,

134 2981 272 3064 effigiem
294 2981 378 3064 apud
399 2980 502 3045 forum
520 2978 660 3066 Augusti
680 2982 806 3066 publica
826 2982 959 3067 pecunia
980 2991 1083 3066 patres
1102 2983 1156 3046 de-

135 3094 272 3149 crevere,
300 3074 384 3157 apud
405 3095 484 3156 quos
507 3074 667 3138 etiamtum
690 3085 801 3139 cuncta
827 3074 1050 3151 tractabantur,
1077 3076 1155 3140 adeo

134 3176 169 3230 ut
189 3175 370 3251 procurator
391 3164 489 3230 Asiae
512 3167 655 3231 Lucilius
674 3166 787 3250 Capito
810 3177 976 3231 accusante
996 3167 1156 3251 provincia

135 3254 262 3324 causam
284 3260 409 3336 dixerit,
437 3282 552 3344 magna
574 3281 646 3323 cum
667 3260 900 3324 adseveratione
922 3260 1070 3344 principis
1092 3282 1156 3324 non

135 3375 169 3417 se
186 3354 235 3417 ius
253 3353 314 3416 nisi
330 3353 364 3416 in
382 3353 507 3417 servitia
524 3361 556 3417 et
566 3354 715 3437 pecunias
728 3353 897 3416 familiares
915 3353 1053 3436 dedisse3
1071 3353 1156 3434 quod

135 3446 165 3509 si
174 3446 239 3532 vim
251 3447 401 3530 praetoris
415 3455 597 3531 usurpasset
609 3445 815 3528 manibusque
828 3446 961 3509 militum
973 3468 1050 3510 usus
1064 3445 1155 3522 foret,

135 3548 239 3623 spreta
251 3539 284 3602 in
297 3561 334 3602 eo
348 3540 494 3603 mandata
508 3562 578 3603 sua:
596 3540 738 3604 audirent
751 3539 862 3604 socios.
885 3539 927 3603 ita
944 3561 1017 3603 reus
1031 3539 1156 3624 cognito

134 3633 258 3717 negotio
276 3632 452 3709 damnatur3
471 3631 512 3696 ob
530 3654 624 3715 quam
641 3632 799 3710 ultionem,
817 3642 849 3697 et
865 3632 939 3715 quia
955 3632 1057 3716 priore
1074 3655 1155 3696 anno

129 3725 167 3788 in
194 3724 232 3789 C.
257 3723 399 3791 Silanum
425 3725 616 3789 vindicatum
642 3734 721 3803 erat,
748 3726 912 3790 decrevere
937 3723 1036 3789 Asiae
1062 3724 1155 3788 urbes

135 3818 286 3902 templum
303 3817 430 3883 Tiberio
448 3819 600 3901 matrique
622 3819 689 3883 eius
707 3841 745 3883 ac
763 3819 897 3895 senatui,
921 3828 951 3882 et
967 3817 1155 3902 permissum

135 3918 285 3989 statuere3
304 3912 429 3996 egitque
442 3911 526 3990 Nero
539 3921 643 3997 grates
662 3934 700 3976 ea
717 3933 812 3976 causa
824 3912 1072 3996 patribus'atque
1085 3932 1155 3986 aro,

135 4001 233 4067 laetas
255 4004 334 4067 inter
356 4005 546 4069 audientium
570 4005 774 4082 adfectiones,
797 4006 852 4088 qui
868 4005 985 4069 recenti
998 4004 1154 4082 ¹memoria

137 4091 317 4160 Germanici
333 4096 421 4161 illum
438 4099 545 4183 aspici,
564 4098 651 4162 illum
669 4098 768 4163 audiri
785 4097 933 4162 rebantur
938 4122 947 4175 ;
965 4097 1154 4178 aderantque

85 4310 142 4580 l
219 4556 222 4561 J
