2760 4874
266 361 327 427 156
613 370 797 430 CORNELII
811 369 943 426 TAClTl

1126 470 1146 500 a
1156 471 1180 500 a.
1190 462 1237 501 rsa.
1248 463 1294 502 rsa.

264 553 325 615 que
350 529 464 595 Isthmi
490 529 607 606 evadit3
638 529 777 611 marique
794 512 865 592 'alio
890 516 1080 612 Nicopolim,
1112 527 1296 592 Romanam

264 625 431 700 coloniam,
450 623 621 708 ingressus,
639 621 683 686 ibi
700 621 826 686 demum
844 621 1005 706 cognoscit
1023 619 1179 686 sollertius
1197 622 1297 686 intera·

263 729 421 804 rogatum,
449 717 594 801 quisnam
616 715 709 794 foret,
735 715 853 779 dixisse
874 713 921 778 M.
946 711 1054 779 Silano
1076 714 1235 800 genitum,
1264 724 1296 780 et

265 812 371 876 multis
403 809 750 895 sectatorum'dilapsis
781 808 960 873 ascendisse
986 829 1099 872 navem
1129 816 1296 892 tamquam

264 905 389 970 Italiam
406 912 540 990 peteret3
564 903 749 988 scripsitque
769 901 848 966 haec
865 900 1008 980 Tiberi03
1030 922 1132 985 neque
1153 923 1213 966 nos
1231 902 1296 967 ori-

265 999 371 1085 ginem
388 997 523 1062 finemve
539 997 608 1061 eius
624 996 671 1061 rei
687 995 769 1060 ultra
786 995 1003 1081 comperimus.
1040 1040 1043 1046 ·

223 1095 238 1141 6
329 1092 428 1157 Exitu
446 1091 519 1157 anni
535 1090 705 1172 diusaucta
721 1090 876 1154 discordia
897 1088 1060 1155 consulum
1079 1089 1194 1175 erupit3
1217 1113 1295 1154 nam

198 1160 356 1265 ‘V'H’Tria
383 1184 484 1250 facilis
508 1183 708 1270 capessendis
730 1183 898 1248 inimicitiis
920 1192 952 1248 et
968 1182 1037 1248 foro
1060 1183 1229 1260 exercitus,
1259 1192 1295 1247 ut

266 1302 396 1367 segnem
416 1277 576 1364 Regulum
597 1277 641 1342 ad·
659 1277 879 1363 opprimendos
903 1274 1010 1342 Seiani
1031 1276 1190 1342 ministros
1213 1275 1295 1344 obli-

265 1395 327 1457 que
348 1371 582 1457 perstrinxerat:
608 1371 674 1448 ille,
697 1370 758 1435 nisi
779 1370 997 1448 lacesseretur,
1024 1369 1198 1435 modestiae
1219 1367 1295 1434 reti-

265 1489 357 1544 nens,
384 1487 448 1530 non
472 1464 566 1529 modo
587 1464 717 1533 rettudit
741 1464 907 1550 collegam,
935 1465 991 1529 sed
1009 1473 1044 1528 ut
1064 1464 1195 1529 noxium
1217 1474 1295 1528 con-

265 1559 426 1626 iurationis
452 1559 493 1624 ad
518 1558 767 1642 disquisitionem
792 1557 947 1636 trahebat3
973 1556 1141 1640 multisque
1165 1565 1294 1642 patrum

265 1653 425 1719 orantibus
446 1660 598 1737 ponerent
620 1651 692 1717 odia
712 1651 746 1715 in
766 1650 934 1736 perniciem
956 1651 1051 1728 itura,
1078 1673 1224 1715 mansere
1245 1651 1294 1717 in-

265 1747 348 1813 fensi
365 1769 403 1811 ac
419 1746 612 1824 minitantes,
631 1745 730 1811 donec
748 1745 933 1831 magistratu
950 1744 1079 1810 abirent.

225 1843 239 1887 ⁷
331 1839 389 1904 Cr.
403 1838 552 1904 Domeros
562 1847 593 1906 et
602 1836 757 1904 Ceraunus
773 1836 990 1904 Scamomauus
1005 1837 1203 1909 consulatum
1215 1838 1295 1903 inie-

219 1907 249 1956 ‹1›
265 1943 349 2011 rant,
376 1955 449 1998 cum
471 1930 591 1997 Caesar
611 1932 756 1998 tramisso
779 1932 864 2015 quod
888 1930 1027 2017 Capreas
1050 1940 1082 1998 et
1104 1929 1294 1997 Surrentum

264 2027 402 2092 interluit
422 2026 503 2091 freto
526 2023 732 2111 Campaniam
753 2024 968 2111 praelegebat,
991 2023 1158 2110 ambiguus
1183 2047 1226 2089 an
1241 2047 1295 2088 ur-

265 2121 337 2186 bem
355 2120 496 2196 intraret,
515 2141 585 2196 seu,
604 2119 678 2202 quia
695 2128 802 2183 contra
818 2118 1041 2195 destinaverat,
1060 2117 1201 2202 speeiem
1217 2138 1294 2182 ven-

266 2215 327 2279 turi
354 2213 518 2290 simulans;
549 2220 581 2277 et
607 2233 700 2296 saepe
726 2211 760 2283 in
784 2212 959 2297 propinqua
984 2211 1166 2297 degressus,
1199 2211 1294 2275 aditis

265 2308 354 2372 iuxta
379 2306 519 2372 Tiberim
544 2305 643 2370 hortis
670 2327 747 2369 saxa
772 2327 897 2369 rursum
918 2315 949 2369 et
971 2304 1172 2369 solitudinem
1197 2304 1294 2368 maris

265 2400 401 2485 repetiit,
420 2399 538 2484 pudore
556 2397 709 2463 scelerum
727 2406 758 2461 et
774 2396 953 2474 libidinum,
974 2397 1088 2480 quibus
1106 2397 1186 2462 adeo
1204 2397 1294 2462 indo-

267 2483 350 2558 mitis
378 2501 536 2557 exarserat
561 2501 597 2555 ut
617 2512 704 2555 more
725 2491 812 2575 regio
838 2489 955 2574 pubem
980 2491 1150 2576 ingenuam
1176 2490 1293 2575 stupris

266 2586 432 2672 pollueret;
455 2608 512 2650 nec
534 2584 667 2649 formam
689 2595 810 2648 tantum
832 2593 863 2648 et
885 2583 999 2648 decora
1019 2606 1162 2669 corpora,
1187 2584 1294 2649 sedin

267 2679 317 2743 his
335 2679 508 2742 modestam
524 2678 703 2762 pueritiam,
725 2678 758 2741 in
776 2676 844 2741 aliis
867 2677 1019 2762 imagines
1042 2677 1196 2741 maiorum
1217 2677 1294 2741 inci-

267 2780 439 2834 tamentum
452 2771 605 2856 cupidinis
619 2770 763 2846 habebat,
783 2779 919 2853 tuncque
932 2771 1067 2854 primum
1080 2771 1189 2856 ignota
1203 2780 1294 2835 antea

267 2863 421 2928 vocabula
441 2873 563 2948 reperta
589 2873 662 2927 sunt
682 2863 877 2938 sellariorum
895 2873 926 2928 et
948 2864 1147 2949 spintriarum
1169 2885 1211 2938 ex
1227 2863 1294 2929 foe-

269 2955 364 3020 ditate
382 2955 442 3020 loci
460 2978 497 3020 ac
514 2956 676 3040 multiplici
693 2957 856 3040 patientia,
874 2957 1104 3042 praepositique
1122 2958 1220 3035 servi,
1240 2957 1295 3040 qui

270 3052 494 3136 conquirerent,
518 3051 744 3135 pertraherent,
770 3053 852 3117 dona
869 3054 902 3117 in
918 3063 1093 3138 promptos,
1116 3053 1219 3121 minas
1238 3054 1292 3118 ad-

269 3165 396 3208 versum
414 3143 595 3222 abnuentes,
615 3154 646 3209 et
664 3146 691 3209 si
708 3146 875 3210 retinerent
887 3147 1080 3231 propinquus
1098 3155 1153 3210 aut
1170 3169 1294 3231 parens,

269 3237 348 3315 vim,
371 3247 479 3322 raptus
499 3261 616 3323 suaque
634 3239 695 3324 ipsi
712 3239 800 3304 libita
817 3240 903 3303 velut
920 3241 953 3304 in
971 3250 1079 3325 captos
1098 3240 1294 3305 exercebant.

224 3333 242 3419 {3
334 3330 381 3396 At
392 3333 513 3398 Romae
529 3333 680 3419 principio
698 3334 780 3410 anni,
799 3335 890 3417 quasi
907 3357 1016 3399 recens
1034 3334 1169 3420 cognitis
1182 3334 1296 3398 Liviae

224 3401 253 3445 ἃ)
270 3426 396 3512 flagitiis
419 3450 456 3491 ac
478 3449 542 3491 non
563 3427 684 3511 pridem
706 3427 799 3491 etiam
821 3428 952 3512 punitis,
980 3436 1100 3492 atroces
1124 3428 1297 3493 sententiae

271 3518 453 3585 dicebantur
469 3520 501 3583 in
520 3519 640 3606 effigies
660 3514 839 3604 quoque‘ac
857 3522 1040 3586 memoriam
1058 3522 1140 3599 eius,
1165 3530 1197 3585 et
1214 3520 1298 3586 bona

272 3610 380 3678 Seiani
402 3612 505 3677 ablata
527 3614 645 3678 aerario
667 3624 701 3678 ut
722 3614 756 3678 in
776 3614 888 3678 fiscum
911 3624 1108 3700 cogerentur,
1135 3623 1297 3703 tamquam

270 3706 408 3771 referret.
438 3705 601 3792 Scipiones
625 3707 704 3773 haec
726 3716 757 3772 et
777 3706 877 3773 Silani
899 3717 930 3772 et
949 3708 1052 3773 Cassii
1074 3709 1176 3774 isdem
1198 3707 1297 3773 serme

272 3808 325 3863 aut
341 3800 470 3884 paulum
487 3801 657 3872 immutatis
679 3801 797 3878 verbis,
822 3802 1055 3866 adseveratione
1073 3801 1173 3864 multa
1190 3823 1297 3867 cense-

272 3892 361 3969 bant,
389 3915 461 3957 cum
483 3903 610 3979 repente
632 3895 794 3980 Togonius
818 3893 943 3972 Gallus,
971 3896 1046 3959 dum
1067 3894 1297 3980 ignobilitatem

273 4007 364 4050 suam
380 3988 503 4073 magnis
521 3988 699 4054 nominibus
717 3989 838 4067 inserit,
860 4002 918 4073 per
935 3988 1141 4053 deridiculum
1151 3989 1296 4053 auditur:

272 4101 345 4143 nam
362 4080 534 4166 principem
552 4082 668 4149 orabat
682 4082 818 4169 deligere
836 4092 1010 4162 senatores,
1030 4105 1078 4155 ex
1092 4083 1163 4166 quis
1186 4081 1298 4168 viginti
