2760 4874
170 423 218 470 LX
355 425 396 466 DE
414 422 551 468 conam
567 423 664 466 raom
681 423 750 465 ΠΜ
767 422 885 465 memo
904 421 1038 464 scamis.

169 537 254 590 alium
264 534 707 605 fontemhaberenisiexemplnm
724 532 873 604 profutura
882 550 1105 604 speramusquae
1114 549 1190 588 nunc
1199 550 1262 588 cum

169 605 240 657 illud
255 604 291 658 ab
306 604 386 658 Enoc
395 603 540 658 Asculano
554 604 583 659 in
596 604 707 658 Italiam
725 603 843 656 maxime
856 602 954 670 vigent
967 602 1059 655 studia
1068 602 1262 672 epigraphica,

69 726 73 733 ,
170 673 301 740 allatum,
325 672 360 725 de
375 671 543 727 Germaniae
561 671 707 726 codicibus
725 671 754 723 in
767 672 857 723 altero
871 686 939 723 vero
953 667 1009 723 hoc
1020 677 1086 739 post
1098 670 1197 724 Rothii
1209 672 1263 725 uti·

170 757 206 794 ne
216 740 289 793 idem
299 739 496 808 existimemus,
511 741 608 794 obstat
617 740 640 793 si
649 754 707 793 non
726 738 859 791 lissimam
869 737 1044 858 ‘ffllffifflfiam
1054 739 1209 808 optandum
1219 746 1264 794 est

171 813 251 863 aetas
269 825 366 861 eorum
379 813 408 861 et
420 824 563 876 numerus,
583 813 613 861 at
632 813 707 861 certe
726 812 757 859 ut
766 807 848 859 simul
857 805 931 864 adhr,
945 811 1026 859 eatur
1034 806 1192 860 accuratior
1201 808 1262 863 eius

172 876 328 955 scripturae
346 875 538 944 discrepantia
558 893 663 946 magna
679 882 709 929 et
726 874 861 929 orationis
880 873 1018 943 cognitio,
1041 890 1124 945 quam
1141 875 1208 929 inde
1225 876 1263 930 ab

170 960 257 999 varra.
726 941 769 995 Au
811 941 846 995 sti
855 949 949 996 aetate
962 941 1092 997 rhetores
1106 943 1225 1000 maxime
1235 949 1265 997 et

204 1011 367 1066 Editionum
384 1011 493 1066 indices
512 1017 641 1081 repetere
659 1028 707 1081 pa·
726 1011 779 1064 dec
791 1016 931 1064 amatores
941 1009 1132 1065 excoluerunt
1146 1011 1263 1067 Necde-

171 1079 309 1134 rumutile
319 1079 455 1149 arbitr0r3
472 1079 543 1134 illud
556 1079 586 1134 in
599 1079 708 1134 univer·
726 1077 841 1132 fuerunt
854 1094 922 1132 sane
935 1084 1002 1148 post
1011 1076 1146 1132 Orellium
1162 1080 1263 1133 multo-

173 1165 234 1201 sum
243 1148 337 1202 dicere
348 1147 455 1202 sufficit
487 1154 533 1201 ost
541 1147 710 1201 immortalia
726 1163 786 1199 rum
796 1146 890 1200 studia
899 1145 984 1200 variis
994 1146 1154 1201 nominibus
1168 1147 1263 1214 utilia3

170 1215 228 1269 I.Li
251 1165 708 1283 siimeritacumgurtiuspichena,
727 1213 821 1267 omnia
829 1230 896 1267 vero
907 1213 1001 1268 Taciti
1017 1230 1033 1267 o
1055 1231 1103 1269 era
1112 1215 1264 1285 diligenter

172 1283 226 1337 Th.
262 1282 377 1354 yckius‚
396 1283 444 1337 alii
453 1283 709 1354 minoribusgradi—
727 1281 1015 1336 edideruntRitteret
1052 1283 1164 1351 almius,
1179 1284 1265 1337 cdere

170 1352 226 1407 bus
244 1352 274 1405 in
291 1352 475 1406 emendandis
493 1357 523 1406 et
535 1351 709 1420 explicandis
728 1349 823 1418 coepit
831 1349 867 1404 Ni
888 1350 1028 1419 perdeius.
1046 1350 1137 1406 Nobis
1151 1351 1265 1422 quidem

172 1419 266 1473 Taciti
276 1419 410 1488 operibus
419 1417 598 1488 proficerent,
610 1418 709 1474 editio·
727 1418 757 1470 in
769 1415 824 1471 hac
838 1433 853 1471 e
885 1417 962 1472 tione
976 1418 1152 1487 propositum
1166 1419 1222 1474 fuit
1234 1426 1266 1472 ut

171 1504 222 1541 nes
237 1504 254 1541 a
269 1486 421 1542 Gronoviis
435 1486 553 1556 primum
566 1487 709 1540 institutas
728 1501 820 1554 neque
829 1484 859 1538 in
868 1486 1010 1539 scribendi
1018 1486 1124 1541 ratione
1134 1504 1226 1559 neque
1235 1487 1265 1540 in

172 1562 202 1609 ot
210 1560 317 1622 auctas,
328 1554 430 1608 deinde
440 1554 709 1635 abErnestio,Wol-
728 1553 910 1607 emendandis
937 1554 1032 1608 verbis
1054 1553 1265 1609 admitteremus

171 1622 220 1691 fio,
236 1621 712 1692 Oberlino,Bekkerorepet1taset
728 1620 893 1692 quicquam,
920 1622 996 1691 quod
1014 1637 1072 1676 non
1089 1628 1189 1691 posset
1205 1623 1265 1676 sine

172 1691 362 1760 locupletatas
372 1697 401 1744 et
410 1696 552 1745 correctas
561 1690 710 1760 complecti
729 1689 928 1743 commentario
938 1691 983 1743 vel
992 1689 1120 1761 intellegi
1129 1690 1174 1744 vol
1184 1707 1265 1744 excu-

173 1758 232 1814 fere
239 1757 361 1829 plurima
370 1765 400 1812 et
408 1757 710 1829 optima,quaeaprio·
729 1757 793 1811 sari.
810 1757 911 1826 Itaque
922 1774 983 1811 cum
991 1757 1265 1827 inpriorevolumine

172 1827 252 1881 ribus
270 1826 377 1880 collata
394 1831 487 1894 erant3
513 1826 618 1881 maiore
636 1826 710 1880 mole
728 1824 893 1894 Nipperdeii
926 1825 1102 1894 potissimum
1137 1827 1265 1906 exemplo

172 1893 248 1949 idem
262 1893 410 1948 consilium
424 1894 710 1965 secutusRupertius,
729 1897 837 1957 uterer,
867 1891 972 1972 quippo
990 1893 1038 1963 qui
1056 1893 1266 1948 accuratissrms

174 1979 236 2016 oum
253 1961 419 2016 Waltherus
440 1963 558 2017 maxime
580 1962 611 2016 in
633 1962 711 2017 colli·
729 1965 854 2015 veterum
867 1960 1003 2014 librorum
1017 1961 1213 2017 auctoritatem
1224 1979 1266 2016 se·

174 2029 274 2100 gendis
289 2044 323 2084 co
344 2029 379 2083 iis
394 2029 497 2084 criticis
512 2030 633 2111 diligens
642 2030 710 2084 fuis·
729 2034 812 2082 cutus
824 2029 986 2098 videbatur,
1005 2028 1035 2083 in
1045 2030 1266 2100 orthographico

174 2103 231 2163 set,
256 2095 317 2151 Bac
338 2098 382 2150 ius
414 2097 618 2169 Kiesslingrus,
636 2097 710 2152 Doe·
749 2112 891 2151 eneresae
912 2098 1019 2151 eetab
1033 2097 1082 2152 illo
1097 2098 1267 2153 etacodici·

175 2165 342 2233 derleinius,
373 2137 545 2220 Iiusbnerus
572 2165 710 2220 editiones
729 2114 783 2218 fias
802 2163 878 2218 disce
900 2164 1004 2218 endum
1017 2164 1081 2234 fuit,
1100 2182 1159 2220 non
1171 2172 1267 2221 tamen

174 2232 359 2287 adnotatione
368 2239 435 2302 apte
449 2240 478 2288 et
490 2233 596 2289 utiliter
605 2235 712 2288 selecta
730 2231 824 2286 omnia
841 2232 878 2285 ad
895 2249 982 2286 unum
999 2234 1112 2287 modum
1127 2250 1267 2305 exaequa-

158 2301 378 2369 instruxerunt,
395 2318 471 2373 nunc
484 2318 551 2356 vero
561 2308 710 2374 postquam
730 2299 833 2369 vimus,
852 2300 903 2353 sed
920 2300 1012 2370 ipsam
1025 2302 1110 2356 etiam
1123 2301 1267 2356 scribendi

175 2369 274 2424 Orellii
284 2369 416 2438 consilio,
432 2386 519 2439 opera
530 2368 637 2424 Baiteri
646 2370 711 2423 Flo·
729 2367 1267 2450 inconstantiameamretinnimus,quae

173 2437 276 2492 rentiui
286 2437 398 2490 codices
408 2444 517 2492 veteres
528 2439 622 2491 denuo
631 2443 712 2492 etac·
730 2453 747 2490 a
760 2435 871 2505 vulgari
889 2437 1093 2492 consuetudine
1111 2454 1170 2492 non
1182 2438 1268 2491 mmis

164 2504 349 2575 ,curatissime
360 2505 643 2576 excussiitemqueab
650 2506 712 2559 aliis
729 2504 888 2571 recederet,
912 2504 1089 2558 coniecturas
1107 2522 1188 2574 vero,
1209 2506 1268 2576 qui-

174 2573 312 2627 minorum
320 2572 457 2627 librorum
467 2574 580 2628 codices
595 2573 712 2648 diligen·
730 2572 783 2625 bus
792 2587 845 2624 nos
857 2587 969 2691 puoquc
983 2577 1049 2626 aute
1060 2572 1195 2627 Orellium
1210 2590 1268 2628 ore·

174 2639 281 2694 tissime
288 2639 439 2710 conquisiti
446 2640 631 2696 etexaminati
637 2646 711 2708 sunt,
731 2640 782 2692 bro
791 2638 859 2692 indu
873 2656 1010 2705 seramus,
1031 2657 1092 2694 cum
1106 2640 1177 2695 alias
1192 2641 1268 2695 codi-

174 2707 231 2762 nisi
244 2708 312 2777 quid
324 2707 461 2776 insperati
474 2709 569 2762 auxilii
588 2713 714 2778 emergat
731 2705 1268 2777 cumtestimoniiscomprobatas,alias,

174 2781 307 2845 prompta
319 2774 379 2828 fere
390 2791 452 2830 esss
466 2781 495 2829 et
503 2781 603 2844 parata
616 2776 712 2829 viden·
731 2790 804 2844 quae
823 2780 917 2829 certas
934 2774 1117 2844 videbantur,
1149 2777 1186 2830 ab
1205 2777 1269 2831 aliis

174 2851 234 2909 tur,
263 2858 336 2912 quae
359 2842 443 2896 nobis
465 2843 503 2896 ad
520 2843 712 2897 emendandos
730 2849 895 2911 praereptas
920 2842 1170 2913 intellexissemus,
1204 2843 1269 2898 reli-

176 2909 271 2965 Taciti
284 2910 373 2964 libros
382 2910 545 2964 adiumenta
558 2911 713 2981 antiquitus
732 2926 802 2979 quas
815 2911 861 2964 vel
874 2916 987 2965 nostras
1001 2912 1047 2965 vel
1060 2912 1169 2969 alienas
1203 2912 1269 2965 luri-

175 2979 279 3032 tradita
290 2983 451 3057 suppetunt,
462 2978 712 3048 utaugustioribus
731 2994 791 3032 mas
810 2978 1014 3047 damnavimus,
1032 2996 1139 3059 paucas
1157 2997 1175 3034 a
1224 2979 1269 3033 ’si-

175 3046 232 3100 iam
240 3052 270 3101 et
279 3045 445 3100 certioribus
453 3045 559 3100 finibus
569 3046 713 3101 divinandi
731 3063 801 3115 mus,
811 3045 954 3101 inclinatis
963 3046 1065 3101 litteris
1075 3045 1269 3118 significantes

175 3113 296 3169 audacia
308 3114 467 3167 coercenda
481 3115 529 3182 sit,
549 3131 605 3183 qua
618 3131 713 3185 quam·
732 3129 781 3166 eos
799 3115 893 3182 locos,
914 3114 945 3167 in
983 3115 1067 3169 uibus
1085 3133 1103 3170 a
1121 3115 1269 3170 codicibus

176 3199 260 3252 quam
269 3198 305 3236 ne
314 3198 390 3260 nuno
400 3181 512 3301 (isidem
521 3183 609 3237 careri
618 3189 715 3252 potest
732 3180 944 3236 discessumest.
993 3184 1268 3254 eniqueutunooon-

175 3249 257 3303 iniis
275 3266 392 3304 mamma
416 3249 493 3316 ibris,
513 3249 632 3321 quinon
646 3250 712 3305 Cor·
732 3256 831 3318 spectu
858 3249 991 3320 quicquid
1021 3256 1119 3305 nostro
1150 3251 1269 3306 consilio

174 3317 285 3373 beiensi
306 3317 405 3371 codice
428 3318 620 3386 continentur,
647 3320 712 3398 plns
731 3323 867 3371 mutatum
883 3324 935 3385 est,
955 3319 1155 3387 comprehendi
1167 3319 1269 3390 possit,

177 3385 322 3457 aliquanto
333 3401 435 3454 operae
450 3386 613 3455 ponendum
623 3393 676 3441 errt
685 3394 714 3442 et
731 3385 1269 3442 brevitoreoslocosomnesrecsnsebi-

175 3453 712 3524 inrobuscognoscendis,quasTacitus
730 3470 791 3506 mus
799 3454 938 3524 inquibus
946 3470 1008 3507 cum
1016 3454 1269 3534 aliquo-verborum

176 3521 304 3591 tradidit,
324 3527 353 3575 et
368 3521 398 3574 in
416 3521 531 3592 linguae
544 3522 636 3576 Taciti
654 3524 711 3578 elo·
730 3527 781 3575 aut
803 3521 958 3576 sententiae
982 3521 1144 3578 discnmine
1169 3530 1270 3578 nostra

177 3589 365 3710 quentiaerlue
387 3590 499 3714 legibus
522 3589 711 3660 explicandis3
730 3588 1019 3692 editioallipperdeii
1028 3591 1156 3660 exemplo
1167 3590 1269 3647 differt.

175 3657 319 3730 atqueinil
332 3656 407 3729 oqui
445 3675 472 3712 m
481 3674 586 3728 genere
595 3659 712 3714 multum
