2760 4874
402 387 609 446 ANNALIUM
626 389 698 442 LlB.
714 390 737 442 1.
755 389 874 444 37-41.
1105 377 1146 440 23

124 493 145 531 p.
156 479 197 520 cs.
208 481 240 518 rr,

122 547 232 612 mortis
250 554 337 609 metu
356 545 513 630 subigunt.
542 568 616 610 mox
633 546 706 631 vagi
723 567 779 630 per
796 546 863 610 vias
882 544 991 611 obvios
1009 545 1146 610 habuere

122 642 259 727 legatos,
282 639 389 704 audita
406 639 652 703 consternatione
670 639 711 703 ad
729 636 951 704 Germanicum
969 640 1144 704 tendentes:

122 735 271 820 ingerunt
295 732 512 809 contumelias,
544 733 671 796 caedem
697 742 821 818 parant,
852 732 971 798 Planco
1001 733 1145 810 maxime,

123 851 218 912 quem
241 827 377 913 dignitas
400 826 478 913 fuga
498 827 716 912 impediverat3
737 849 839 911 neque
861 827 946 890 aliud
962 826 1146 911 periclitanti

123 921 300 987 subsidium
313 942 408 1005 quam·
422 930 524 985 castra
535 921 654 1005 primae
671 921 818 1006 legionis3
836 921 899 985 illic
912 921 1003 1006 signa
1012 929 1043 984 et
1060 920 1147 1002 aqui-

122 1016 186 1080 lam
203 1015 368 1099 amplexus
381 1014 529 1100 religione
543 1037 613 1079 sese
627 1014 794 1092 tutabatur,
813 1036 850 1079 ac
867 1015 899 1077 ni
916 1014 1060 1098 aquilifer
1074 1012 1147 1096 Qu-

124 1110 254 1194 purnius
268 1109 332 1172 vim
346 1118 517 1173 extremam
530 1109 691 1186 arcuisset,
709 1132 814 1172 rarum
827 1109 919 1173 etiam
932 1110 1014 1176 inter
1029 1109 1145 1185 hostes,

122 1203 246 1288 legatus
268 1202 377 1287 populi
398 1202 534 1267 Romani
554 1203 706 1267 Romanis
727 1203 760 1266 in
783 1203 892 1267 castris
914 1203 1066 1289 sanguine
1089 1225 1147 1266 suo

124 1296 234 1361 altaria
246 1297 341 1360 deum
354 1296 653 1360 commaculavisset.
671 1296 741 1360 luce
754 1296 890 1373 demum,
903 1306 1070 1381 postquam
1082 1298 1147 1360 dux

125 1398 155 1453 et
168 1389 259 1453 miles
273 1400 304 1453 et
315 1388 400 1454 facta
412 1388 630 1467 noscebantur,
648 1390 809 1475 ingressus
824 1402 926 1454 castra
940 1387 1145 1456 Germanicus

123 1483 252 1566 perduoi
274 1484 315 1547 ad
337 1505 372 1548 se
394 1482 548 1548 Plancum
573 1484 718 1568 imperat,
745 1484 922 1568 recepitque
944 1484 977 1547 in
999 1483 1146 1561 tribunal;
1224 1535 1227 1541 .

124 1588 190 1640 tum
213 1576 342 1641 fatalem
362 1576 526 1662 increpans
548 1577 680 1654 rabiem,
703 1599 805 1660 neque
826 1577 959 1641 militum
981 1578 1037 1641 sed
1054 1577 1147 1643 deum

126 1671 171 1734 ira
187 1693 360 1756 resurgere,
379 1693 435 1736 cur
451 1672 593 1736 venerint
608 1669 705 1757 legati
722 1671 834 1756 aperit3
852 1671 902 1735 ius
919 1671 1083 1756 legationis
1101 1685 1148 1735 at-

124 1787 185 1847 que
198 1765 297 1850 ipsius
307 1765 416 1830 Planci
430 1789 559 1851 gravem
573 1777 604 1830 et
616 1767 804 1830 immeritum
813 1788 930 1844 casum,
945 1767 1038 1830 simul
1050 1788 1148 1850 quan-

124 1868 191 1923 tum
208 1859 370 1924 dedecoris
388 1861 498 1924 adierit
514 1861 606 1946 legio,
624 1859 758 1925 facunde
776 1861 940 1925 miseratur
957 1861 1147 1943 attonitaque

124 1953 226 2038 magis
244 1975 339 2036 quarn
357 1953 462 2036 quieta
479 1955 621 2019 contione
639 1954 760 2040 legatos
777 1955 933 2040 praesidio
951 1954 1147 2018 auxiliarium

125 2047 265 2129 equitum
283 2048 419 2112 dimittit

187 2139 239 2205 Eo
256 2141 290 2204 iu
306 2150 393 2206 metu
405 2165 535 2228 arguere
549 2139 771 2207 Germanicum
789 2165 907 2218 omnes,
926 2143 1011 2226 quod
1028 2165 1090 2206 non
1108 2143 1148 2206 ad
1166 2162 1198 2208 40

125 2235 317 2319 superiorem
330 2237 498 2301 exercitum
516 2247 669 2322 pergeret,
687 2236 742 2301 ubi
760 2237 911 2319 obsequia
929 2245 960 2300 et
977 2246 1084 2300 contra
1100 2259 1149 2299 re·

124 2328 214 2393 bellis
228 2329 392 2393 auxilium:
412 2330 488 2395 satis
503 2352 657 2416 superque
670 2331 819 2395 missione
833 2339 864 2394 et
876 2329 1010 2413 pecunia
1023 2338 1054 2392 et
1070 2329 1148 2393 mol-

124 2421 206 2487 libus
225 2423 375 2488 consultis
387 2434 566 2509 peccatum
585 2424 635 2488 vel
653 2424 680 2488 si
697 2424 767 2487 vilis
785 2422 847 2507 ipsi
865 2422 959 2498 sulus,
978 2444 1033 2486 cur
1050 2421 1147 2484 filium

124 2517 299 2602 parvulum,
318 2539 374 2582 cur
390 2520 552 2604 gravidam
566 2519 732 2604 coniugem
749 2519 829 2582 inter
842 2517 980 2581 furentes
999 2527 1029 2581 et
1047 2516 1148 2581 omnis

124 2611 253 2675 humani
265 2611 340 2676 iuris
354 2613 519 2678 violatores
532 2612 679 2677 haberet?
695 2612 766 2676 illos
781 2612 891 2675 saltem
905 2633 964 2675 avo
982 2622 1013 2674 et
1029 2610 1074 2673 rei
1091 2631 1149 2694 pu·

124 2704 225 2770 blicae
242 2706 394 2770 redderet.
421 2707 476 2770 diu
493 2717 656 2772 cunctatus
675 2717 892 2792 aspernantem
910 2728 1053 2782 uxorem,
1077 2726 1148 2768 cum

125 2821 160 2864 se
173 2799 247 2864 divo
259 2799 409 2886 Augusto
423 2810 523 2865 ortam
536 2823 637 2884 neque
651 2802 837 2888 degenerem
850 2802 891 2865 ad
904 2800 1042 2886 pericula
1054 2808 1149 2862 testa·

123 2902 223 2971 retur,
245 2904 402 2979 postremo
425 2905 548 2960 uterum
571 2897 637 2960 eius
661 2906 692 2960 et
714 2917 910 2961 communem
931 2895 1029 2958 filium
1051 2893 1149 2956 multo

125 3009 198 3052 cum
215 2988 290 3052 fletu
308 2990 504 3074 complexus,
523 2998 558 3054 ut
575 2988 674 3054 abiret
690 2991 833 3075 perpulit.
860 2988 1023 3054 incedebat
1039 2987 1149 3050 mulie·

125 3081 181 3146 bre
203 3091 234 3146 et
256 3082 431 3148 miserabile
458 3105 586 3168 agmen,
612 3084 747 3170 profuga
769 3083 857 3148 ducis
879 3105 959 3147 uxor
983 3081 1148 3166 parvulum

125 3177 198 3240 sinu
211 3176 309 3239 filium
322 3199 445 3263 gerens,
459 3178 665 3243 lamentantes
679 3179 796 3242 circum
804 3178 975 3242 amicorum
988 3176 1147 3259 coniuges,

124 3291 206 3353 quae
225 3270 318 3334 simul
340 3272 554 3350 trahebantur3
576 3294 636 3337 nec
653 3274 756 3345 minus
774 3273 877 3337 tristes
895 3271 950 3354 qui
971 3269 1148 3334 manebant.

126 3387 189 3428 non
211 3364 348 3430 florentis
368 3365 513 3432 Caesaris
536 3389 637 3450 neque
655 3369 720 3432 suis
738 3368 771 3430 in
789 3367 913 3443 castris,
937 3366 993 3429 sed
1015 3363 1100 3427 velut
1116 3362 1149 3425 in
1167 3382 1197 3428 41

111 3457 204 3522 ⁸urbe
226 3458 311 3522 victa
326 3459 439 3538 facies3
462 3461 659 3546 gemitusque
677 3483 714 3526 ac
735 3461 879 3546 planctus
903 3459 995 3522 etiam
1017 3456 1149 3519 militum

126 3573 218 3616 aures
236 3573 351 3635 oraque
373 3555 548 3632 advertere;
569 3555 810 3640 progrediuntur
832 3550 1055 3618 contuberniis:
1078 3548 1148 3631 quis

80 3687 82 3691 ,
125 3645 178 3709 ille
191 3644 304 3710 flebilis
318 3648 434 3712 sonus?
450 3650 535 3731 quod
557 3659 622 3714 tam
639 3650 746 3713 triste?
764 3649 895 3712 feminas
909 3646 1068 3720 inlustres3
1086 3664 1150 3706 non

127 3739 339 3804 centurionem
361 3741 402 3805 ad
423 3743 566 3820 tutelam,
590 3766 653 3807 non
670 3743 813 3817 militem,
836 3740 913 3803 nihil
934 3736 1149 3822 imperatoriae

127 3833 234 3898 uxoris
248 3844 301 3897 aut
315 3835 479 3901 comitatus
494 3837 575 3901 soliti
580 3862 589 3913 ;
604 3858 732 3922 pergere
746 3837 787 3899 ad
800 3834 946 3898 Treviros
960 3841 991 3896 et
1004 3839 1149 3894 externae

127 3925 209 3990 fidei.
232 3927 334 4010 pudor
349 3927 423 3992 inde
441 3939 472 3993 et
484 3930 642 3995 miseratio
661 3938 692 3994 et
708 3929 805 4014 patris
818 3927 990 4012 Agrippae,
1009 3924 1149 4010 Augusti

127 4020 179 4085 avi
192 4022 342 4086 memoria
347 4046 356 4100 3
371 4044 460 4088 socer
471 4024 613 4102 Drusus3
631 4024 701 4108 ipsa
712 4022 828 4108 insigni
843 4020 1041 4096 fecunditate,
1060 4040 1149 4103 prae-

128 4113 212 4179 clara
223 4115 386 4199 pudicitia3
405 4117 467 4181 iam
484 4118 588 4182 infans
605 4118 638 4183 in
656 4117 764 4183 castris
782 4116 917 4203 genitus,
934 4115 968 4178 in
986 4112 1149 4179 coutuber-
