2760 4874
383 381 745 444 squammarum.
764 388 884 442 33-35
1083 377 1142 440 ιιι
1210 348 1258 437 ἃ

125 458 198 529 ιιι
208 480 241 519 ιι

121 547 252 636 mutius,
279 545 499 628 relinquendae
518 543 599 615 vitae
617 553 734 622 certus,
758 545 791 608 irr
808 545 891 610 hunc
909 546 1037 650 modum
1056 569 1145 611 exor-

122 664 175 708 sus
195 649 257 704 est:
935 666 937 671 ·

185 733 312 814 „Verba
329 754 409 810 mea,
427 742 481 818 pat
482 754 531 797 res
550 733 705 818 conscript
705 733 726 810 i,
745 742 930 819 arguunt
923 785 933 806 ,
881 735 1029 799 adeo
1047 735 1111 800 fact
1099 744 1145 800 ιο-
1166 790 1170 797 ,

120 850 189 894 rum
218 828 368 893 innocens
399 847 497 911 sum-3⁴
515 828 571 891 sed
596 849 697 910 neque
722 827 801 892 haec
827 828 859 892 in
889 829 1068 914 principem¹
1091 841 1145 894 aut

119 917 268 1008 principis
307 929 481 1006 parentem,
522 942 601 1004 quos
635 922 687 985 lex
724 922 895 988 maiestatis
934 924 1143 1009 amplectitur:

119 1017 254 1081 Brutum
276 1025 307 1079 et
326 1014 474 1080 Cassium
496 1015 674 1080 laudavisse
692 1016 791 1093 dicor,
819 1038 951 1100 quorum
968 1038 1019 1082 res
1037 1027 1143 1104 gestas

120 1133 192 1175 cum
212 1110 338 1196 plurimi
355 1109 600 1194 composuerint,
619 1131 712 1174 nemo
725 1107 796 1174 'sine
813 1109 931 1176 honore
949 1112 1142 1183 memoravit.
1255 1108 1256 1112 ’

121 1205 213 1270 Titus
232 1205 362 1281 Livius,
390 1203 584 1287 eloquentiae
611 1223 647 1268 ao
670 1203 746 1272 fidei
767 1206 944 1289 praeclarus
970 1206 1143 1291 inprimis,

122 1299 181 1364 Cn.
216 1298 403 1384 Pompeium
438 1299 532 1364 tantis
566 1297 712 1363 laudibus
747 1299 886 1363 tulitt
850 1308 886 1363 ut
903 1298 1144 1385 Pompeianum

121 1389 193 1458 eum
226 1391 356 1479 August
343 1402 393 1456 tus
428 1388 613 1478 appellarem
647 1411 748 1475 neque
782 1392 815 1455 id
849 1393 1002 1459 amicitiae
1036 1416 1144 1458 eorum

121 1486 241 1564 offecit3
279 1484 477 1571 Scipionem,
508 1484 692 1562 Afranium,
726 1484 853 1562 hunc
843 1508 948 1570 rpsum
984 1484 1142 1569 Cassium,

120 1580 203 1646 hune
220 1580 301 1644 Brut
288 1589 355 1644 tum
372 1601 526 1663 nusquam
549 1577 592 1642 lat
580 1589 684 1647 trones
703 1588 735 1644 et
735 1576 935 1671 parricidas,
960 1596 1041 1663 quae
1059 1601 1143 1645 nuno

120 1673 273 1739 vocabula
298 1673 511 1758 imponuntur,
544 1694 638 1758 saepe
663 1682 699 1736 ut
723 1673 863 1759 insignis
882 1675 965 1739 ιίιοι
991 1674 1140 1738 nominat.

95 1766 224 1852 ⁴Asinii
248 1766 400 1832 Pollionis
427 1767 543 1852 scripta
574 1767 737 1853 egregiam
763 1727 933 1833 eorundem
962 1768 1144 1851 memoriam

120 1861 258 1937 uadunt}
284 1859 426 1926 Messala
453 1859 609 1934 Corvinus
636 1858 855 1945 imperatorem
881 1884 973 1926 suum
997 1860 1144 1926 Cassium

119 1953 332 2039 praedicabat:
347 1967 378 2018 et
391 1963 522 2037 uterque
536 1953 647 2039 opibus
662 1954 756 2037 atque
768 1954 1144 2041 honoribus'perviguera
1228 1972 1230 1976 ·

119 2047 222 2112 Μιιιί
241 2046 401 2112 Ciceronis
419 2047 513 2125 libro,
532 2068 595 2131 quo
614 2046 768 2113 Catonem
786 2049 873 2113 caelo
891 2050 1049 2132 aequavit,
1068 2049 1144 2133 quid

119 2143 204 2208 aliud
221 2142 352 2207 dictator
371 2141 491 2208 Caesar
507 2164 602 2251 quam
619 2141 772 2228 rescripta
784 2145 937 2221 oratione,
956 2142 1044 2206 velut
1059 2143 1144 2227 apud

118 2237 247 2313 iudices,
260 2236 425 2320 respondit
413 2236 444 2299 ti
460 2238 528 2300 Ant
516 2237 592 2300 tenir
583 2235 766 2321 epistulae,
785 2236 877 2301 Bruti
890 2259 948 2301 eon
949 2237 1048 2300 tiones
1062 2235 1144 2300 salsa

119 2329 275 2414 quidem*
266 2353 300 2393 m
321 2322 504 2419 Augustum
529 2329 674 2414 probra,
685 2330 741 2394 sed
762 2330 861 2394 multa
883 2351 954 2394 cum
976 2314 1092 2394 acerbit
1080 2339 1143 2393 tate

118 2424 247 2502 habent3
275 2422 412 2488 carmina
436 2423 639 2488 Bibaculit
608 2432 639 2487 et
666 2422 783 2488 Catulli
808 2423 957 2492 referta
947 2415 1142 2488 contumeliis

120 2473 293 2582 Caesarium
321 2518 481 2604 leguntur·
514 2517 604 2582 sed
595 2539 668 2602 rpse
690 2517 781 2582 divus
808 2517 962 2595 Iulius,
952 2537 1021 2602 rpse
1051 2517 1142 2580 divus

118 2610 247 2699 August
247 2634 285 2677 us
303 2621 335 2676 et
352 2611 450 2677 tulere
468 2613 529 2677 ista
546 2621 582 2676 et
594 2612 760 2700 reliquere,
785 2612 870 2677 haud
891 2612 982 2676 facile
1000 2610 1141 2687 dixerim,

118 2707 267 2771 moderat
245 2715 329 2771 trone
354 2707 456 2792 magis
484 2729 539 2770 an
551 2706 717 2792 sapientia,
747 2729 882 2791 namque
910 2715 1014 2793 spreta
1039 2705 1144 2771 exole-

120 2809 222 2865 scunt:
242 2800 270 2865 si
286 2800 434 2878 irascare,
454 2800 582 2887 adgnita
599 2799 743 2865 videntur
705 2824 838 2866 ur.non
855 2802 975 2887 attingo
993 2797 1142 2877 Graecos,
1161 2819 1193 2867 35

118 2916 250 2977 quorum
267 2916 331 2958 non
348 2895 442 2958 modo
459 2893 601 2972 libertas,
628 2895 720 2959 etiam
739 2894 836 2960 libido
853 2895 1018 2981 impunita3
1045 2894 1140 2966 aut¹
1116 2916 1143 2958 ιι

119 2988 188 3071 quis
206 2987 352 3065 advertit,
376 2988 468 3052 dictis
486 2989 570 3053 dicta
586 2989 671 3054 ultus
690 2996 746 3053 est.
759 3022 763 3029 ²
775 2990 831 3054 sed
853 2990 988 3053 maxime
1006 2987 1142 3052 solutum

119 3082 152 3146 ιι
168 3081 234 3146 sine
246 3079 453 3147 obtrectatore
465 3081 526 3146 suit
541 3083 673 3168 prodere
692 3083 731 3167 de
748 3082 787 3147 iis
805 3105 884 3166 quos
902 3099 986 3164 mors
1004 3082 1075 3145 odio
1089 3091 1152 3145 aut·

118 3175 236 3261 gratiae
250 3175 435 3254 exemisset3
459 3198 535 3240 num
553 3179 636 3243 enim
659 3177 787 3240 armatis
805 3175 918 3241 Cassio
941 3174 1088 3239 etBruto
1105 3195 1143 3238 ae

119 3267 337 3355 Philippenses
364 3291 493 3355 campos
515 3264 726 3335 'obtinentibus
753 3266 828 3334 belli
849 3269 948 3336 civilis
971 3288 1066 3333 causa
1086 3289 1144 3351 po-

118 3363 227 3447 pulum
243 3385 301 3449 per
317 3364 477 3428 contiones
500 3363 652 3428 incendo?
677 3386 717 3427 an
734 3362 779 3426 illi
800 3362 928 3446 quidem
950 3360 1143 3446 septuagesi-

118 3478 205 3544 mum
220 3465 295 3521 ante
312 3480 428 3521 annum
445 3457 590 3543 peremti,
617 3456 774 3540 quomodo
795 3452 985 3541 imaginibus
1004 3454 1069 3518 suis
1086 3475 1143 3517 no-

120 3558 260 3627 scuntur,
292 3568 457 3647 quasmeo
483 3551 583 3616 victor
611 3551 739 3634 quidem
770 3548 921 3627 abolevit,
952 3548 998 3614 sio
1022 3557 1143 3634 partem

118 3643 286 3708 memoriae
304 3641 397 3730 apud
423 3645 519 3730 script
520 3667 601 3710 ores
598 3644 763 3709 retinent?
789 3667 882 3709 suum
908 3643 1020 3726 cuique
1040 3643 1142 3705 decus

117 3737 284 3821 posteritas
301 3739 457 3824 rependit3
475 3761 534 3818 nec
551 3739 695 3816 deerunt,
669 3747 743 3803 ιιι
732 3736 918 3807 damnatio
935 3735 1066 3822 ingruit,
1084 3734 1144 3818 qui

118 3852 182 3907 non
198 3833 292 3898 modo
312 3830 466 3898 Cassiiet
478 3833 574 3898 Bruti
591 3833 696 3898 sedt
665 3831 759 3897 etiam
777 3832 840 3897 mei
856 3829 1082 3896 meminerint.“
1130 3828 1147 3839 ’

168 3924 342 4012 Egressus
360 3928 433 4008 dein
455 3937 543 3993 senat
543 3951 566 3991 u
583 3928 680 3992 vitam
702 3926 890 3991 abstinentia
910 3925 1021 3989 finivit
1046 3923 1142 3988 libros

117 4041 179 4104 per·
188 4022 304 4086 aediles
319 4025 501 4095 cremandos
517 4034 666 4088 censuere
678 4032 798 4108 patres3
818 4024 874 4088 sed
886 4030 1077 4098 manserunt,
1091 4042 1144 4086 oc-

118 4112 226 4179 cultati
243 4124 275 4180 et
292 4116 380 4181 editi:
398 4139 460 4202 quo
479 4117 580 4206 magis
599 4118 773 4185 socordiam
786 4139 894 4198 eorum
905 4115 1039 4182 inridere
1056 4114 1142 4192 libet,
1190 4191 1192 4200 y

931 4217 973 4284 9*
