2760 4874
397 369 604 431 ANNALIUM
621 369 695 424 LIB.
710 369 788 427 XVI.
808 371 909 425 7-12.
1097 361 1158 426 321

139 462 254 514 acuas.

138 530 276 606 valebat,
295 529 394 593 donec
412 551 431 591 a
448 527 627 591 centurione
644 526 823 592 volneribus
842 528 983 592 adversis
1001 538 1160 613 tamquam

138 626 171 688 in
187 646 295 708 pugna
312 622 445 685 caderet.

202 717 300 781 Haud
317 716 420 779 minus
433 717 575 799 prompte
584 714 728 779 L.Vetus
744 737 913 798 socrusque
928 715 995 780 eius
1007 714 1117 781 Sextia
1129 727 1160 782 et
1181 737 1212 783 10

138 811 280 876 Pollucia
288 809 352 873 filia
359 831 469 872 necem
479 807 610 886 subiere,
616 809 710 873 invisi
718 809 849 894 principi
859 820 1017 893 tamquam
1026 811 1161 875 vivendo

138 903 360 989 exprobrarent
380 902 577 967 interfectum
596 925 666 966 esse
683 902 864 967 Rubellium
881 903 1043 980 Plautum,
1065 926 1161 989 gene-

137 996 444 1063 rumLuciiVeteris.
463 997 520 1061 sed
528 997 650 1060 initium
659 997 852 1082 detegendae
862 997 1009 1061 saevitiae
1018 996 1161 1082 praebuit

137 1091 315 1156 interversis
325 1091 447 1175 patroni
459 1089 553 1155 rebus
568 1090 609 1154 ad
617 1090 829 1155 accusandum
839 1091 1073 1176 transgrediens
1082 1090 1160 1155 For-

137 1194 262 1251 tunatus
272 1185 411 1261 libertus,
431 1184 550 1250 adscito
561 1183 869 1260 ClaudioDcmiano,
889 1206 983 1267 quem
992 1184 1032 1249 ob
1042 1185 1160 1270 flagitia

137 1281 275 1345 vinctum
294 1278 441 1344 aVetere
454 1275 553 1342 Asiae
571 1278 757 1362 proconsule
775 1278 909 1350 exsolvit
921 1277 1004 1342 Nero
1021 1278 1054 1343 in
1071 1300 1160 1362 prae-

137 1376 234 1439 mium
248 1372 469 1449 accusationis3
488 1372 578 1456 quod
590 1371 645 1437 ubi
658 1372 817 1456 cognitum
830 1394 893 1450 reo,
909 1394 1005 1455 seque
1023 1382 1055 1436 et
1067 1371 1160 1437 liber·

138 1479 204 1533 tum
212 1469 281 1553 pari
294 1475 376 1531 sorte
386 1467 540 1551 componi,
550 1466 735 1531 Formianos
748 1467 780 1530 in
793 1489 887 1556 agros
897 1467 1077 1552 digreditur.
1096 1467 1159 1530 illio

137 1586 209 1627 cum
222 1562 335 1626 milites
348 1561 470 1626 occulta
479 1561 621 1650 custodia
634 1561 835 1625 circumdant.
854 1562 961 1627 aderat
972 1561 1046 1638 filia,
1066 1583 1160 1645 super

137 1661 285 1744 ingruens
299 1657 471 1743 periculum
483 1657 578 1742 longo
592 1656 697 1720 dolore
712 1665 811 1732 atrox,
830 1678 869 1720 ex
882 1678 945 1739 quo
958 1677 1159 1740 percussores

137 1753 250 1828 Plauti,
269 1752 438 1828 maritimi,
458 1751 586 1827 viderat,
606 1759 827 1834 cruentamque
841 1751 994 1815 cervicem
1008 1750 1075 1814 cius
1094 1773 1160 1813 am-

136 1846 229 1929 plexa
242 1844 387 1911 servabat
396 1845 581 1929 sanguinem
590 1853 621 1907 et
629 1853 734 1909 vestes
747 1866 916 1927 respersas,
930 1844 1026 1907 vidua
1034 1843 1160 1926 inplexu

137 1940 224 2003 luctu
233 1939 378 2002 continuo
388 1959 447 2000 nco
456 1937 529 2001 ullis
537 1937 691 2000 alimentis
700 1937 761 2001 nisi
770 1959 850 2020 quae
863 1947 996 2001 mortem
1009 1946 1157 2000 arcerent.

138 2043 204 2096 turn
218 2030 361 2094 hortante
374 2038 462 2115 patre
476 2029 640 2114 Neapolim
653 2031 765 2115 pergit,
784 2040 814 2093 et
832 2029 906 2113 quia
923 2030 1011 2094 aditu
1025 2028 1158 2093 Neronis

137 2123 368 2210 prohibebatur,
379 2145 524 2209 egressus
534 2123 690 2201 obsidens,
705 2124 826 2188 audiret
834 2124 989 2188 insontem
997 2146 1076 2187 neve
1087 2145 1159 2187 con-

138 2220 257 2284 sulatus
272 2218 321 2282 sui
330 2217 488 2300 quondam
501 2217 654 2303 collegam
664 2218 792 2282 dederet
804 2217 924 2294 liberta,
943 2217 1037 2281 modo
1049 2217 1160 2280 mulie-

138 2314 185 2378 bri
199 2312 324 2389 eiulatu,
343 2311 510 2395 aliquando
525 2333 636 2376 sexum
651 2333 780 2397 egressa
792 2333 871 2376 voce
882 2311 1008 2381 infensa
1021 2310 1160 2374 clamita-

137 2408 200 2483 bat,
215 2406 467 2490 doneoprinceps
480 2404 661 2470 inmobilem
676 2427 709 2484 se
722 2405 868 2490 precibus
882 2414 913 2468 et
925 2405 1060 2468 invidiae
1073 2404 1160 2467 iuxta

138 2501 281 2567 ostendit.
300 2522 375 2585 ergo
388 2499 509 2563 nuntiat
521 2499 602 2584 patri
615 2498 737 2581 abicere
755 2520 843 2583 spem
858 2508 888 2563 et
900 2499 946 2561 uti
964 2498 1157 2566 necessitate.
1179 2517 1208 2562 11

139 2593 231 2660 simul
244 2594 372 2658 affertur
383 2592 487 2678 parari
500 2593 710 2678 cognitionem
724 2601 850 2656 senatus
865 2601 896 2656 et
908 2601 1026 2656 trucem
1037 2601 1160 2656 senten-

138 2688 213 2752 tiam
218 2713 227 2765 3
250 2709 309 2751 neo
326 2686 452 2751 defuere
471 2687 525 2769 qui
542 2695 704 2751 monerent
720 2709 836 2770 magna
853 2695 996 2770 exparte
1013 2684 1160 2748 heredem

139 2781 309 2847 Caesarem
321 2802 500 2866 nuncupare
513 2790 607 2864 atque
621 2780 664 2844 ita
678 2779 844 2864 nepotibus
859 2780 898 2844 de
916 2779 1034 2863 reliquo
1048 2801 1160 2843 consu-

137 2876 210 2940 lere.
229 2876 313 2958 quod
330 2884 523 2960 aspernatus,
541 2896 582 2938 ne
594 2875 692 2939 vitam
708 2875 849 2959 proxime
866 2873 1041 2938 libertatem
1058 2881 1160 2938 actam

137 2970 308 3033 novissimo
323 2969 612 3046 servitiofoedaret,
631 2969 762 3054 largitur
775 2969 808 3031 in
822 2990 929 3033 servos
944 2977 1095 3051 quantum
1105 2968 1160 3030 ad-

138 3064 377 3146 eratpecuniae3
396 3072 427 3126 et
437 3064 464 3127 si
477 3085 540 3146 qua
549 3063 700 3147 asportari
709 3072 848 3146 possent,
868 3061 928 3125 sibi
938 3081 1093 3142 quemque
1107 3060 1161 3122 de-

138 3157 260 3230 ducere,
280 3156 335 3219 tris
350 3157 443 3219 modo
456 3156 587 3219 lectulos
603 3155 643 3218 ad
662 3176 807 3238 suprema
824 3154 949 3231 retineri
964 3152 1062 3216 iubet.
1086 3150 1160 3216 tnnc

138 3248 249 3312 codem
261 3248 295 3309 in
307 3246 460 3323 cubiculo,
469 3249 590 3311 eodem
605 3248 686 3310 ferro
700 3237 888 3310 abscindunt
896 3269 1003 3321 venas,
1021 3246 1160 3329 properi·

138 3362 199 3423 que
209 3350 239 3405 et
253 3339 383 3425 singulis
394 3340 534 3405 vestibus
549 3339 817 3408 adverecundiam
830 3340 925 3404 velati
938 3338 1068 3403 balineis
1082 3337 1161 3401 infe-

138 3443 256 3510 runtur,
274 3442 363 3518 pater
376 3433 480 3509 filiam,
499 3434 569 3498 avia
586 3443 721 3518 neptem,
740 3433 793 3497 illa
810 3442 958 3516 utrosque
976 3433 1110 3508 intuens,
1130 3442 1160 3495 et

139 3528 278 3591 certatim
291 3536 453 3612 precantes
466 3526 583 3591 labenti
598 3528 719 3591 animae
734 3527 865 3590 celerem
879 3527 1006 3602 exitum,
1025 3524 1160 3588 utrelin·

138 3630 268 3704 querent
282 3644 355 3685 suos
371 3622 552 3705 superstites
568 3630 599 3685 et
612 3622 787 3685 morituros.
807 3621 1004 3704 servavitque
1018 3620 1160 3684 ordinem

139 3716 263 3778 fortuna
281 3737 318 3778 ao
336 3715 472 3779 seniores
486 3715 582 3799 prius,
602 3723 668 3777 tum
682 3715 733 3778 cui
745 3715 845 3798 prima
858 3724 954 3791 aetas,
974 3715 1161 3799 extinguun-

139 3817 197 3871 tur.
217 3808 354 3872 accusati
370 3816 443 3893 post
461 3808 651 3892 sepulturam
669 3808 890 3890 decretumque
908 3818 943 3872 ut
960 3830 1045 3883 more
1063 3808 1160 3871 maio-

138 3924 208 3966 rum
225 3902 421 3986 punirentur3
448 3911 479 3966 et
496 3901 580 3968 Nero
596 3903 787 3979 intercessit,
811 3913 942 3967 mortem
961 3902 1027 3967 sine
1045 3902 1160 3967 arbitro

138 3995 333 4079 permittens:
352 4017 390 4059 ea
406 3995 553 4060 caedibus
571 3997 705 4081 peractis
727 3995 861 4060 ludibria
878 3995 1099 4060 adiciebantur.

104 4135 106 4138 ι
202 4086 334 4153 Publius
346 4086 467 4167 Gallus,
482 4112 577 4174 eques
587 4091 758 4169 Romanus,
774 4090 1160 4174 quodFaenioRufointi-
1179 4108 1208 4153 12

193 4204 262 4249 Taciti
273 4205 313 4248 rot.
324 4204 340 4248 Ι.
789 4219 791 4223 ·
949 4200 986 4256 21

473 4326 518 4411 ἰ
