2760 4874
422 373 630 434 ANNALIUM
647 375 720 430 LIB.
734 375 786 430 Ill.
806 377 907 431 7-12.
1135 364 1177 429 85

151 481 174 521 ρ.
185 469 228 510 cn.
238 470 272 510 rc.

151 552 258 620 neque
282 556 316 600 se
338 543 550 611 accusatores,
577 533 634 599 sed
655 556 759 622 rerum
779 533 898 598 indices
921 544 952 597 et
973 543 1069 598 testes
1090 557 1179 599 man-

151 635 229 698 data
247 629 428 697 Germanici
448 629 631 716 perlaturos.
657 629 709 693 ille
727 628 857 692 dimissa
879 627 945 692 eius
964 650 1078 693 causae
1095 628 1179 693 dela-

153 728 249 802 tione,
268 734 304 788 ut
320 724 456 810 priorem
469 723 565 786 vitam
583 731 744 787 accusaret
761 721 903 799 obtinuit,
922 723 1113 807 petitumque
1132 732 1180 787 est

153 844 174 884 a
195 818 338 904 principe
361 816 570 902 cognitionem
596 816 765 901 exciperet,
792 815 877 898 quod
898 837 937 879 ne
959 837 1031 879 reus
1053 815 1180 898 quidem

137 911 328 996 abnuebat,
349 910 453 975 studia
470 909 577 994 populi
595 919 626 973 ct
642 919 767 994 patrum
784 919 942 973 metuens:
961 918 1067 973 contra
1085 907 1181 972 Tibe-

154 1007 237 1070 rium
255 1003 438 1090 spernendis
455 1002 632 1067 rumoribus
645 1002 783 1066 validum
801 1015 833 1066 et
850 1002 1056 1067 conscientiae
1073 1001 1180 1066 matris

154 1101 307 1163 innexum
329 1119 414 1174 esse3
435 1117 575 1179 veraque·
594 1103 648 1160 aut
669 1095 702 1158 in
723 1095 859 1160 deterius
882 1096 999 1159 credita
1020 1095 1121 1158 iudice
1140 1092 1180 1157 ab

154 1216 220 1257 uno
237 1191 361 1256 facilius
380 1190 528 1266 discerni,
550 1189 656 1252 odium
674 1198 706 1252 et
722 1188 872 1252 invidiam
893 1189 977 1273 apud
994 1188 1108 1252 multos
1127 1209 1182 1250 va·

155 1287 230 1351 lere.
262 1285 347 1350 haud
372 1274 502 1348 fallebat
527 1282 689 1347 Tiberium
711 1282 809 1354 moles
832 1282 1031 1368 cognitionis,
1058 1302 1181 1365 quaque

155 1382 225 1465 ipse
247 1380 333 1445 fama
355 1378 596 1454 distraheretur3v
618 1377 714 1461 igitur
734 1377 843 1462 paucis
869 1377 1068 1447 familiarium
1094 1376 1181 1439 adhi-

156 1473 231 1539 bitis
250 1473 350 1536 minas
369 1470 582 1536 accusantium
600 1479 631 1533 et
648 1469 721 1534 hinc
736 1492 845 1555 preces
864 1448 951 1534 audit
965 1471 1181 1555 integramque

157 1589 287 1631 causam
298 1566 340 1630 ad
355 1573 497 1630 senatum
508 1564 656 1646 remittit„
669 1574 761 1647 atque
778 1564 901 1628 interim
913 1563 1039 1628 Drusus
1057 1564 1180 1627 rediens
1202 1585 1227 1629 11

156 1660 298 1744 Illyrico,
321 1679 512 1742 quamquam
532 1667 637 1742 patres
659 1658 853 1722 censuissent
872 1657 912 1722 ob
933 1667 1093 1742 receptum
1110 1656 1183 1720 Ma

156 1753 378 1819 roboduum‘et
394 1773 444 1815 res
457 1751 559 1835 priore
572 1758 689 1815 aestate
703 1760 810 1837 gestas
823 1760 859 1816 ut
876 1773 974 1817 ovans
991 1751 1092 1829 iniret,
1110 1773 1182 1836 pro-

156 1848 223 1913 lato
239 1847 355 1911 honore
372 1844 483 1909 urbem
501 1844 638 1909 intravit.

221 1940 301 2003 Post
322 1960 402 2022 quae
419 1960 473 2002 reo
495 1938 536 2002 L.
554 1936 754 2015 Arruntium,
777 1939 818 2004 L.
844 1940 1011 2017 Vinicium,
1034 1937 1182 2003 Asinium

159 2032 301 2110 Gallum,
323 2031 534 2097 Aeserninum
551 2031 752 2109 Marcellum,
777 2032 852 2098 Sex.
870 2033 1057 2120 Pompeium
1071 2042 1183 2118 'patro-

157 2150 217 2193 nos
243 2127 361 2212 petenti
387 2126 488 2208 iisque
513 2126 638 2190 diversa
664 2126 885 2193 excusantibus
907 2128 964 2192 Μ’.
986 2127 1129 2211 Lepidus
1152 2137 1183 2190 ct

158 2223 200 2286 L.
218 2221 295 2285 Piso
313 2229 344 2285 et
360 2220 525 2284 Livineius
542 2219 685 2304 Regulus
703 2220 845 2297 adfuere,
869 2231 988 2285 arrecta
1006 2221 1091 2286 omni
1109 2221 1183 2283 civi-

158 2324 236 2391 tate,
263 2322 380 2397 quanta
405 2312 486 2377 fides
510 2313 619 2378 amicis
647 2311 840 2391 Germanici,
867 2335 948 2397 quae
974 2313 1089 2377 fiducia
1114 2334 1183 2389 rco;

156 2409 242 2474 satin
260 2406 420 2473 cohiberet
444 2429 482 2472 ac
506 2417 664 2491 premeret,
683 2399 891 2472 sensus‘suos
914 2407 1069 2472 Tiberius.
1088 2405 1184 2470 ‘haud

158 2503 236 2567 alias
250 2501 396 2566 intentior
407 2501 542 2586 populus
555 2501 626 2586 plus
641 2501 701 2566 sibi
713 2501 746 2564 in
759 2501 931 2586 principem
946 2500 1084 2566 occultae
1097 2500 1183 2563 vocis

159 2605 214 2661 aut
232 2594 403 2679 suspicacis
422 2594 541 2658 silentii
552 2595 703 2679 permisit.
1103 2619 1105 2622 ⁴

223 2687 289 2752 Die
306 2696 432 2752 senatus
448 2685 567 2752 Caesar
584 2689 755 2753 orationem
771 2688 882 2753 habuit
900 2687 1049 2753 meditato
1067 2696 1186 2773 tempe·
1205 2705 1234 2753 12

159 2790 315 2848 ramento:
333 2781 430 2865 patris
444 2781 494 2845 sui
506 2782 644 2867 legatum
659 2794 752 2867 atque
766 2783 901 2847 amicum
914 2782 1063 2848 Pisonem
1075 2782 1184 2859 fuisse,

159 2876 396 2958 adiutoremque
414 2871 602 2940 Germanico
621 2877 728 2941 datum
746 2901 766 2941 a
784 2899 831 2955 se,
851 2887 976 2942 auctore
995 2886 1120 2953 senatu,
1131 2899 1186 2940 ‹re-

159 2969 221 3034 bus
248 2969 332 3054 apud
359 2966 523 3034 Orientem
549 2969 818 3036 administrandis:
832 2972 909 3036 *illic
935 2972 1130 3036 contumacia
1156 2980 1187 3035 et

160 3061 381 3128 certaminibus
408 3072 585 3148 asperasset
610 3064 766 3130 iuvenem‘
784 3066 933 3148 exituque
959 3066 1026 3131 eius
1053 3065 1186 3129 lactatus

161 3166 254 3234 esset,
274 3181 315 3221 au
328 3156 444 3221 scelere
458 3157 650 3234 extinxisset,
668 3159 798 3245 integris
813 3159 924 3228 animis
942 3159 1185 3223 diiudicandum.

134 3282 138 3289 ⁴
163 3274 256 3330 „nam
275 3251 302 3315 si
318 3251 440 3336 legatus
459 3251 555 3323 officii
573 3252 734 3330 terminos,
759 3252 945 3336 obsequium
964 3275 1038 3338 erga
1055 3253 1189 3337 impera-

161 3355 262 3410 torem
280 3345 366 3411 exuit
388 3344 589 3427 eiusdemque
606 3354 706 3410 morte
724 3355 755 3410 et
771 3346 859 3410 luctu
881 3368 951 3410 meo
973 3346 1105 3410 laetatus
1130 3355 1186 3421 cst,

162 3439 257 3503 odero
272 3460 482 3523 seponamque
500 3462 519 3503 a
537 3439 629 3505 domo
643 3463 713 3504 mea
731 3450 762 3504 et
778 3441 917 3525 privatas
931 3440 1108 3504 inimicitias
1125 3462 1189 3503 non

161 3532 196 3596 vi
207 3532 355 3616 principis
370 3532 515 3597 ulciscar:
530 3533 579 3597 sin
591 3533 713 3598 facinus
727 3534 760 3597 i‘n
773 3534 999 3617 cuiuscumque
1012 3533 1189 3622 mortalium

162 3646 240 3688 nece
257 3625 670 3712 vindicandumdetegitur,
693 3651 750 3692 vos
773 3650 848 3692 vero
872 3637 903 3692 et
923 3628 1038 3693 liberos
1058 3625 1190 3692 Germa-

162 3717 227 3781 nici
244 3726 275 3781 et
291 3741 349 3782 nos
367 3729 511 3803 parentes
529 3720 619 3785 iustis
639 3720 757 3785 solatiis
776 3722 913 3798 adfidte,
936 3721 1090 3803 simulque
1112 3721 1189 3785 illud

163 3821 320 3896 reputate,
348 3812 470 3878 turbide
497 3823 527 3878 ct
555 3815 700 3881 seditiose
723 3815 900 3879 tractaverit
927 3815 1080 3879 exercitus
1102 3808 1188 3892 Piso,

165 3906 308 3988 quaesita
325 3906 387 3970 sint
403 3930 460 3992 per
476 3908 677 3973 ambitionem
700 3909 802 3973 studia
820 3909 966 3986 militum,
990 3909 1084 3974 armis
1102 3933 1190 3996 rcpc-

165 3999 224 4063 tita
244 3999 416 4084 provincia,
440 4025 481 4065 an
502 4002 583 4068 falsa
604 4003 682 4068 hacc
703 4003 735 4066 in
757 4003 857 4067 maius
880 4004 1076 4090 vulgaverint
1098 4027 1190 4069 accu-

167 4102 303 4172 satores3
325 4115 458 4178 quorum
480 4119 539 4183 ego
560 4097 664 4162 nimiis
688 4098 798 4164 studiis
820 4099 886 4164 iure
909 4122 1092 4165 succenseo:
1116 4124 1190 4165 nam
