2760 4874
197 386 261 449 250
545 390 730 449 CORNELII
743 388 880 449 'raom

1135 493 1155 522 Ι.
1164 496 1184 524 u.
1193 486 1232 524 811.

196 555 242 619 ria
263 552 416 627 crederet,
441 561 504 615 tam
527 548 610 615 levia
630 548 884 614 consectaretur?
909 549 994 633 quin
1015 550 1059 615 de
1083 550 1166 617 bello
1186 563 1233 616 aut

196 670 287 733 paco,
307 646 346 711 de
365 643 570 729 vectigalibus
588 656 619 708 et
636 642 775 729 legibus,
797 642 986 728 quibusque
1005 644 1080 709 aliis
1098 645 1233 711 Romana

195 741 406 815 continemur,
426 739 571 803 suaderet
587 736 842 802 dissuaderetvei
864 736 964 801 licere
982 737 1147 823 patribus,
1164 762 1234 823 quo-

197 836 276 899 tiens
294 834 343 897 ias
361 833 511 897 dicendae
530 830 702 897 sententiae
715 830 924 915 accepissent,
945 853 1034 916 quac
1052 832 1172 899 vellent
1186 856 1233 898 ex-

195 950 338 1015 promere
360 928 604 1009 relationemque
627 926 660 990 in
681 948 719 991 ca
739 925 916 1011 postulare:
941 950 988 991 an
1010 928 1121 993 solum
1138 952 1233 993 emen-

196 1024 321 1088 datione
339 1022 470 1107 dignum
489 1042 528 1084 nc
543 1019 711 1105 Syracusis
723 1019 905 1105 spectacula
920 1019 1052 1107 largius
1066 1023 1231 1098 ederentur,

197 1130 301 1181 cetero
317 1138 374 1200 per
391 1138 500 1179 omnes
518 1113 640 1199 imperii
662 1122 766 1197 partes
788 1112 920 1197 perinde
944 1116 1086 1201 egregia
1103 1117 1232 1201 quamsi

197 1234 259 1275 non
282 1209 366 1274 Nero
389 1208 445 1273 scd
468 1208 611 1271 Thrasea
632 1207 772 1293 regimen
798 1228 908 1272 eorum
931 1210 1084 1274 teneret?
1108 1211 1233 1295 quodsi

198 1327 321 1368 surmua
338 1302 586 1366 dissimulatione
600 1300 891 1378 transmitterentur,
910 1312 1039 1386 quanto
1053 1304 1160 1391 magis
1175 1305 1233 1368 ina·

197 1399 290 1463 nibus
317 1396 553 1463 abstinendum!
581 1395 723 1460 Thrasea
744 1404 866 1473 contra,
894 1397 1060 1463 rationem
1087 1399 1232 1485 poscenti·

197 1494 257 1557 bus
281 1493 403 1567 amicis,
431 1516 493 1555 noa
514 1491 726 1577 praesentium
747 1490 894 1577 ignarum
914 1493 1142 1577 respondebat
1162 1494 1233 1558 eius-

198 1587 282 1651 modi
301 1587 443 1651 consulta
460 1586 628 1671 corrigere,
653 1586 710 1651 scd
726 1597 850 1671 patrum
867 1584 986 1652 honori
1005 1588 1103 1667 dare,
1125 1584 1162 1654 ut
1176 1612 1232 1653 ma·

198 1681 346 1745 uit'cstam
362 1682 448 1743 tieret
462 1702 758 1766 magnammrcrum
772 1702 879 1745 curam
894 1702 961 1745 non
970 1680 1231 1760 dissimulaturos,

198 1774 251 1857 qui
270 1774 409 1837 animum
428 1775 522 1839 ctiam
540 1774 707 1839 levissimis
725 1774 932 1839 adverterent.

148 1892 180 1933 aa
263 1868 385 1933 liudem
399 1892 481 1933 auno
491 1868 608 1934 crebris
616 1869 725 1953 populi
737 1867 999 1953 flagitationibus,
1014 1870 1230 1937 inmodestiam

199 1961 434 2048 publicanorum
454 1963 627 2049 arguentis,
651 1962 806 2027 dubitavit
821 1961 920 2040 Nero,
944 1986 990 2027 an
1008 1976 1133 2032 cuncta
1148 1964 1232 2031 vecti·

198 2057 282 2141 galia
296 2057 395 2120 onutti
409 2056 529 2121 iuberet
537 2056 631 2139 idque
643 2055 885 2142 pulcherrimum
899 2057 1023 2123 donum
1038 2061 1154 2146 generi
1161 2082 1232 2124 mor·

199 2151 307 2214 talium
333 2149 434 2228 ‹larct;
462 2150 517 2213 scd
543 2150 694 2235 impetum
721 2150 803 2227 eius,
829 2150 965 2215 multum
992 2153 1088 2237 prius
1115 2154 1232 2219 laudata

199 2244 412 2327 mamritudinc
431 2244 535 2319 animi,
554 2244 708 2309 attinuere
727 2254 895 2320 senatores,
914 2244 1166 2313 dissolutionem
1182 2248 1232 2311 im·

198 2337 276 2421 perii
297 2337 452 2414 docendo,
476 2338 503 2402 si
526 2338 646 2402 l'ractas
669 2337 783 2421 quibus
805 2336 1007 2422 respublica
1030 2340 1232 2406 sustineretur

199 2432 463 2496 deminuerentur:
487 2432 602 2516 quippe
626 2431 757 2497 sublatis
779 2431 925 2517 portoriis
949 2453 1111 2516 sequens,
1136 2446 1171 2500 ut
1187 2434 1232 2498 tri·

199 2524 344 2589 batorum
359 2526 485 2590 abolitio
500 2526 761 2611 expostularetum
780 2525 945 2611 plerasque
958 2529 1173 2614 vectigalium
1190 2552 1232 2593 so

200 2620 326 2683 cictatcs
341 2645 358 2684 a
373 2621 553 2685 consulibus
564 2633 595 2684 et
603 2620 734 2685 tribunis
743 2620 843 2705 plebis
857 2621 1050 2688 constitutas
1065 2625 1135 2690 acri
1148 2626 1232 2689 etiam

200 2724 267 2776 tum
285 2715 392 2798 populi
409 2714 544 2778 Romani
566 2714 723 2792 libertate3
746 2715 865 2797 reliqua
887 2737 962 2779 mox
984 2716 1033 2780 ita
1055 2719 1188 2802 provisa
1203 2726 1232 2780 ut

200 2806 277 2867 ratio
300 2818 485 2887 <maestarum
509 2819 539 2871 ct
560 2808 731 2873 necessitas
758 2808 975 2893 erogationum
997 2810 1085 2876 inter
1109 2835 1146 2877 se
1168 2835 1232 2877 con·

200 2909 354 2983 gruerent.
384 2902 600 2984 temperandas
618 2902 710 2986 plano
728 2902 966 2988 publicanorum
990 2905 1178 2989 cupidines,
1198 2927 1231 2969 ne

200 3014 256 3076 per
274 3002 318 3055 tot
336 3016 434 3057 annos
454 2996 520 3059 sinc
543 2997 670 3078 quercla
688 2997 818 3061 tolerata
834 2997 924 3060 noris
948 2997 1181 3066 acerbitatibus
1197 3000 1232 3064 ad

151 3109 179 3153 ar
201 3088 349 3152 invidiam
368 3099 530 3154 verterent.
554 3112 628 3176 ergo
647 3092 744 3155 edixit
756 3092 900 3177 princeps
918 3101 954 3155 ut
971 3092 1064 3179 leges
1084 3096 1230 3179 cuiusque

200 3183 330 3267 publici,
355 3185 493 3248 occultae
517 3186 608 3249 adid
630 3195 768 3271 tempus,
791 3185 1078 3271 proscriberentur3
1104 3189 1230 3254 omissas

200 3279 363 3361 petitiones
386 3302 449 3342 non
472 3279 552 3343 ultra
574 3303 690 3343 annum
716 3290 923 3358 resumerent3
950 3280 1078 3347 Romae
1101 3298 1229 3369 praetor,

200 3393 256 3454 per
272 3373 463 3456 provincias,
487 3373 540 3455 qui
558 3394 613 3456 pro
631 3383 773 3457 praetore
795 3383 849 3437 aut
867 3373 996 3438 consule
1020 3387 1148 3453 essent,
1170 3378 1230 3440 iura

202 3466 351 3531 adversus
365 3466 547 3550 publicanos
563 3476 650 3530 extra
664 3468 803 3531 ordinem
817 3468 996 3545 redderent3
1011 3468 1169 3535 militibus
1179 3471 1229 3533 im·

202 3559 336 3623 munitas
352 3571 534 3636 servaretur,
554 3560 614 3624 nisi
632 3561 664 3623 in
681 3561 824 3643 hisquae
841 3581 923 3623 veno
941 3573 1144 3641 exercerent3
1163 3563 1228 3627 alia·

202 3673 262 3732 que
290 3653 459 3717 admodum
485 3676 598 3736 aequa,
626 3676 707 3736 quae
734 3653 822 3718 brevi
849 3662 987 3730 servata,
1015 3655 1094 3720 dein
1121 3657 1228 3721 frustra

201 3745 308 3811 habita
322 3761 394 3812 sunt
399 3774 407 3825 ;
426 3760 531 3813 manet
545 3758 649 3812 tamen
663 3748 790 3814 abolitio
803 3750 1067 3834 quadragesimae
1081 3754 1227 3836 quinqua·

202 3841 416 3925 gesimaeque,
436 3853 564 3926 atquae
583 3843 643 3907 alia
661 3843 875 3908 exactionibus
893 3843 1010 3909 illicitis
1028 3847 1162 3912 nomina
1177 3867 1227 3931 pu-

203 3934 316 3999 blicani
337 3938 527 4003 invenerant.
559 3948 730 4023 temperata
752 3939 836 4023 apud
858 3938 1087 4005 transmarinas
1109 3941 1226 4026 provin-

203 4027 267 4090 cias
281 4030 427 4094 frumcnti
441 4032 616 4110 subvecti03
631 4042 661 4096 et
675 4054 714 4096 ne
728 4032 873 4097 censibus
887 4033 1124 4117 negotiatorum
1137 4055 1225 4099 naves

204 4120 429 4187 ascriberentur
442 4125 653 4209 tributumque
669 4149 725 4211 pro
739 4126 800 4192 illis
814 4127 994 4212 penderent,
1015 4130 1224 4194 constitutum.
