3032 5046
303 445 367 516 216
655 456 982 516 ooauamrmcrrr

1219 557 1240 586 a.
1250 558 1271 586 ιι.
1281 547 1328 587 sot.

302 639 400 701 reque
421 617 501 682 inter
522 616 645 683 accolas
667 616 766 681 fama:
792 616 821 680 is
843 615 1002 681 modicum
1023 615 1173 681 Hiberiae
1195 637 1329 701 regnum

304 720 430 778 senecta
446 712 544 796 patris
561 710 695 776 detineri
711 710 846 776 ferocius
865 709 1065 795 crebriusque
1082 709 1218 775 iactabat
1234 731 1329 792 quam

303 817 339 873 ut
356 807 533 894 cupidinem
551 806 734 883 occultaret3
751 806 848 892 igitur
863 804 1094 870 Pharasmanes
1111 805 1256 868 iuvenem
1273 825 1330 887 po-

303 902 417 966 tentiae
438 923 602 987 propanam
619 911 651 988 et
669 900 772 964 studio
793 899 990 985 popularium
1008 899 1182 964 accinctum
1199 919 1332 983 vergen-

303 996 387 1061 tibus
409 996 473 1060 iom
495 994 585 1060 annis
609 995 674 1060 suis
692 1003 849 1070 metuens,
872 993 966 1058 aliam
988 993 1029 1058 ad
1050 1015 1138 1078 spem
1160 990 1281 1056 trahere
1299 999 1331 1054 et

303 1089 489 1155 Armeniam
515 1097 686 1166 ostentare,
712 1087 812 1172 pulsis
834 1086 961 1152 Parthis
987 1089 1093 1152 datam
1115 1085 1289 1151 Mithridati
1311 1107 1331 1148 a

305 1193 404 1249 semet
420 1183 637 1249 memorando:
660 1183 717 1247 sed
734 1182 799 1246 vim
816 1180 1035 1258 differendam,
1058 1191 1089 1246 et
1105 1181 1257 1266 potiorem
1275 1180 1331 1243 do-

303 1278 383 1355 lum,
402 1299 466 1361 quo
484 1277 645 1341 incautum
662 1275 881 1360 opprimerent.
903 1276 947 1340 ita
964 1275 1166 1340 Radamistus
1186 1274 1330 1338 simulata

303 1371 455 1436 adversus
467 1379 589 1456 patrem
602 1370 767 1447 discordia,
786 1378 946 1452 tamquam
959 1390 1111 1435 novercae
1124 1369 1205 1432 odiis
1219 1368 1327 1452 impar,

302 1465 405 1550 pergit
427 1465 468 1529 ad
484 1473 645 1550 patruum3
667 1462 827 1546 multaque
850 1463 890 1528 ab
913 1483 951 1528 eo
973 1463 1117 1528 comitate
1138 1463 1171 1526 in
1194 1462 1330 1547 speciem

302 1557 436 1624 liberum
454 1559 556 1623 cultus
577 1558 729 1642 primores
747 1556 970 1622 Armeniorum
988 1557 1029 1622 ad
1050 1579 1100 1622 res
1118 1579 1215 1621 novos
1233 1555 1330 1632 illicit,

302 1652 413 1738 ignaro
431 1662 463 1717 et
480 1660 609 1716 ornante
626 1651 755 1737 insuper
771 1650 980 1716 Mithridate..

252 1765 286 1812 45
367 1745 642 1810 Reconciliationis
662 1745 766 1830 specie
789 1755 951 1831 assumpta
972 1767 1196 1831 regressusque
1218 1745 1259 1810 ad
1275 1767 1331 1830 pa-

303 1849 396 1915 trem,
414 1861 496 1923 quae
514 1839 625 1904 fraude
643 1840 755 1904 confici
771 1840 941 1925 potuerint,
964 1851 1109 1926 prompta
1126 1841 1261 1916 nuntiat,
1280 1861 1332 1903 ce-

303 1943 370 1997 tera
391 1932 485 1996 armis
508 1933 701 2016 exequenda.
730 1933 853 1998 interim
869 1933 1101 1998 Pharasmanes
1122 1934 1197 1999 belli
1218 1956 1330 1997 causas

303 2025 467 2112 confingit:
493 2026 659 2110 proelianti
686 2026 747 2091 sibi
773 2027 924 2092 adversus
949 2049 1057 2113 regem
1082 2026 1278 2092 Albanorum
1300 2035 1332 2089 et

303 2120 464 2185 Romanos
482 2120 599 2185 auxilio
617 2121 741 2185 vocanti
757 2119 886 2186 fratrem
903 2120 1118 2198 adversatum,
1137 2141 1267 2203 eamque
1284 2119 1332 2182 in-

303 2212 416 2277 iuriam
433 2213 559 2278 excidio
572 2214 671 2298 ipsius
689 2214 790 2281 ultum
806 2213 937 2292 iturum3
960 2214 1053 2278 simul
1074 2237 1206 2300 magnas
1224 2213 1331 2297 copias

303 2307 368 2371 filio
382 2306 519 2371 tradidit.
537 2306 589 2371 ille
602 2307 772 2392 irruptione
782 2306 886 2372 subita
898 2307 1039 2371 territum
1048 2317 1237 2390 exutumque
1247 2327 1333 2370 oam-

303 2401 353 2484 pis
366 2399 572 2465 Mithridaten
585 2401 734 2486 compulit
747 2402 780 2466 in
793 2401 956 2466 castellum
971 2398 1123 2478 Gorneas,
1143 2410 1244 2465 tutum
1261 2398 1332 2463 loco

304 2516 341 2559 ao
358 2495 515 2580 praesidio
533 2495 675 2574 militum,
694 2494 764 2578 quis
784 2493 910 2559 Coelius
928 2493 1032 2559 Polho
1049 2494 1239 2579 praefectus,
1259 2515 1333 2556 cen·

304 2588 385 2653 turio
400 2587 571 2673 Casperius
583 2599 734 2674 praeerat.
756 2588 834 2652 nihil
848 2597 912 2653 tam
924 2588 1070 2674 ignarum
1083 2587 1222 2653 barbaris
1236 2607 1332 2670 quam

304 2682 556 2748 machinamenta
573 2691 604 2746 et
621 2691 709 2746 astus
727 2682 1010 2767 oppugnationum
1031 2680 1079 2768 [at
1095 2681 1185 2746 nobis
1204 2703 1242 2744 ea
1257 2702 1332 2764 pars

304 2775 432 2840 militiae
446 2775 582 2840 maxime
595 2799 694 2860 gnara
707 2773 784 2860 ost]:
803 2776 847 2840 ita
859 2775 1063 2840 Radamistus
1077 2775 1192 2839 frustra
1200 2773 1251 2838 vel
1260 2795 1332 2838 cum

305 2869 420 2932 damno
442 2869 600 2953 temptatis
626 2869 851 2934 munitionibus
877 2869 1034 2934 obsidium
1058 2869 1180 2954 inoipit3
1207 2877 1238 2932 et
1260 2890 1333 2933 omn

305 2961 353 3025 vis
372 2961 598 3046 neglegeretur,
618 2961 779 3026 avaritiam
792 2962 943 3047 praefecti
956 2972 1137 3039 emereatur,
1156 2961 1333 3026 obtestante

307 3053 459 3137 Casperio
476 3075 516 3118 ne
539 3055 643 3118 socius
665 3077 735 3132 rex,
758 3078 797 3120 ne
814 3054 982 3134 Armenia,
1005 3055 1122 3120 donum
1143 3055 1252 3140 populi
1267 3055 1334 3120 Ro-

305 3146 404 3222 mani,
428 3146 544 3211 scelere
562 3156 594 3211 et
610 3148 744 3233 pecunia
760 3157 966 3227 verterentur3
985 3159 1143 3235 postremo
1161 3149 1235 3232 quia
1252 3148 1332 3212 mul·

257 3307 260 3312 ,
306 3240 471 3305 titudinem
488 3241 627 3306 hostium
643 3241 760 3320 Pollio,
783 3243 870 3308 iussa
887 3244 984 3328 patris
1002 3243 1205 3309 Radamistus
1224 3242 1334 3307 obten-

306 3334 432 3412 debant,
445 3345 557 3420 pactus
568 3336 704 3401 indutias
718 3336 867 3415 abscedit,
881 3348 917 3402 ut
928 3338 990 3402 nisi
1002 3336 1239 3402 Pharasmanen
1251 3336 1333 3402 bello

306 3427 539 3506 absterruisset,
563 3429 761 3494 Ummidium
780 3429 991 3512 Quadratum,
1014 3432 1192 3516 praesidem
1211 3429 1332 3516 Syriae,

306 3521 433 3586 doceret
450 3544 513 3605 quo
530 3523 564 3586 in
582 3531 666 3587 statu
682 3522 835 3588 Armenia
852 3524 943 3590 foret.

255 3634 289 3682 46
370 3614 529 3701 Digressu
542 3617 732 3682 centurionis
742 3616 828 3681 velut
841 3619 970 3683 custode
979 3618 1141 3684 exsolutus
1155 3617 1333 3704 praefectus

307 3707 424 3774 hortari
441 3709 647 3775 Mithridaten
663 3711 704 3774 ad
722 3711 924 3776 sanciendum
942 3712 1065 3790 foedus,
1084 3712 1334 3777 coniunctionem
1409 3769 1414 3777 .

307 3801 438 3866 fratrum
456 3824 493 3867 ac
510 3804 644 3888 priorem
662 3812 764 3868 aetate
776 3799 1013 3871 Pharasmanen
1030 3817 1061 3870 et
1078 3816 1181 3871 cetera
1197 3806 1335 3870 necessi-

308 3897 451 3960 tudinum
468 3896 595 3962 nomina
610 3899 764 3976 referens,
783 3901 868 3982 quod
886 3901 981 3964 filiam
999 3901 1066 3966 eius
1084 3901 1118 3964 in
1135 3899 1334 3965 matrimonio

308 3988 450 4066 haberet,
473 3992 559 4074 quod
580 3992 649 4076 ipse
670 3991 855 4057 Radamisto
878 4016 966 4058 socer
988 4003 1086 4072 esset3
1112 4016 1176 4058 non
1197 3992 1334 4058 abnuere

307 4104 419 4167 paoem
432 4083 579 4161 Hiberos,
598 4107 790 4168 quamquam
805 4086 991 4173 intempore
1008 4087 1189 4165 validiorem
1208 4095 1239 4151 et
1256 4086 1334 4152 satis

309 4176 467 4260 cognitam
480 4175 702 4244 Armeniorum
719 4179 891 4265 perfidiam,
910 4203 969 4247 neo
986 4181 1071 4247 aliud
1089 4181 1221 4248 subsidii
1238 4202 1334 4264 quam
