2760 4874
273 385 338 451 320
621 393 804 453 CORNELII
819 394 952 452 TACITI

1192 494 1212 524 a.
1224 496 1247 525 u.
1259 487 1307 525 818.

271 578 357 620 nram
374 555 442 619 eius
460 563 491 618 et
508 553 594 637 quod
611 553 735 617 divinae
753 552 882 618 infantis
900 574 1014 638 parens
1033 551 1156 629 fuisset,
1176 553 1306 636 aliaque

272 652 415 717 fortunae
433 672 563 714 munera
579 671 636 734 pro
654 648 831 714 virtutibus.

240 766 253 812 t
336 744 474 808 Mortem
492 742 660 827 Poppaeae
677 753 713 806 ut
729 742 834 828 palam
852 742 982 818 tristem,
1002 741 1046 805 ita
1063 741 1304 808 recordantibus

271 839 384 903 laetam
398 838 439 903 ob
452 837 667 923 inpudicitiam
680 836 747 900 eius
762 837 995 918 saevitiamque,
1015 858 1098 900 nova
1110 836 1243 922 insuper
1255 838 1305 900 in-

271 935 356 999 vidia
373 932 456 998 Nero
474 932 641 1018 complevit
662 931 857 1017 prohibendo
876 930 914 998 C.
934 930 1083 997 Cassium
1101 931 1208 996 officio
1227 955 1304 996 exe-

270 1028 424 1112 quiarum,
439 1028 524 1110 quod
537 1026 673 1111 primurn
685 1025 835 1090 indicium
847 1026 936 1103 mali3
954 1048 1056 1108 neque
1065 1026 1099 1090 in
1111 1025 1246 1112 longum
1255 1026 1303 1090 di-

271 1122 368 1187 latum
383 1131 445 1198 est3
465 1120 521 1185 sed
531 1119 658 1185 Silanus
668 1119 801 1195 additur,
815 1119 902 1184 nullo
912 1119 1049 1196 crimine,
1056 1119 1117 1183 nisi
1126 1120 1213 1202 quod
1220 1119 1303 1185 Cas·

272 1216 337 1280 sius
347 1213 460 1299 opibus
470 1213 602 1278 vetustis
611 1224 643 1277 et
656 1213 809 1298 gravitate
819 1235 951 1290 morum,
972 1211 1099 1278 Silanus
1114 1213 1302 1278 claritudine

271 1310 394 1396 generis
405 1317 436 1372 et
444 1307 722 1372 modestaiuventa
730 1300 969 1392 praecellebant.
987 1307 1083 1393 igitur
1091 1308 1302 1372 missaadse-

270 1412 379 1467 natum
394 1402 532 1467 oratione
545 1402 751 1466 removendos
765 1400 969 1486 erepublica
981 1411 1130 1484 utrosque
1140 1402 1299 1479 disseruit,

270 1496 500 1580 obiectavitque
520 1494 633 1560 Cassio
651 1496 737 1578 quod
758 1495 838 1561 inter
855 1495 1009 1581 imagines
1031 1495 1187 1560 maiorum
1205 1497 1299 1560 etiarn

273 1589 311 1655 Ο.
319 1588 424 1654 Cassii
434 1590 571 1675 effigiem
581 1589 739 1666 coluisset,
750 1589 793 1654 ita
805 1588 1000 1674 inscriptam:
1020 1589 1113 1668 „duci
1126 1589 1300 1674 partium“;

271 1683 387 1767 quippe
401 1682 521 1746 semina
534 1681 608 1747 belli
618 1682 717 1747 civilis
732 1681 979 1747 etdefeotionem
991 1706 1011 1746 a
1020 1682 1113 1747 domo
1124 1681 1301 1748 Caesarum

272 1777 456 1860 quaesitam.
475 1799 512 1840 ac
529 1798 566 1841 ne
584 1777 735 1842 memoria
752 1786 873 1841 tantum
889 1775 1006 1841 infensi
1022 1776 1157 1842 nominis
1176 1778 1219 1841 ad
1236 1779 1302 1842 dis·

272 1871 394 1936 cordias
409 1880 555 1948 uteretur,
570 1871 785 1956 adsumpsisse
798 1871 841 1936 L.
852 1868 1006 1948 Silanum,
1023 1871 1170 1935 iuvenem
1183 1894 1301 1958 genere

271 1966 418 2044 nobilem,
438 1966 542 2031 animo
559 1977 771 2052 praeruptum,
790 1989 886 2050 quem
904 1967 995 2033 novis
1007 1965 1102 2032 rebus
1117 1976 1299 2032 ostentaret.

238 2078 254 2125 8
336 2060 446 2146 Ipsum
464 2060 577 2125 dehinc
588 2059 731 2126 Silanum
744 2060 897 2146 increpuit
909 2061 1010 2125 isdem
1024 2059 1138 2144 quibus
1151 2071 1301 2146 patruum

272 2154 1200 2240 eiusTorquatum,tamquamdisponeretiamimperiicuras
1210 2177 1306 2249 prae3

272 2248 440 2331 liceretque
458 2249 628 2315 rationibus
646 2258 678 2314 et
694 2248 808 2314 libellis
827 2259 858 2314 et
875 2249 1018 2334 epistulis
1035 2249 1174 2325 libertos,
1193 2249 1301 2314 inania

273 2342 366 2406 simul
388 2352 419 2406 et
436 2343 531 2421 falsa3
548 2367 622 2408 nam
633 2341 760 2409 Silanus
778 2343 925 2409 intentior
941 2353 1027 2407 metu
1041 2351 1072 2407 et
1086 2342 1180 2406 exitio
1195 2344 1302 2426 patrui

273 2435 313 2499 ad
331 2438 580 2520 praecavendum
595 2438 759 2502 exterritus
774 2447 848 2502 erat.
867 2436 987 2501 inducit
998 2436 1130 2522 posthae
1143 2437 1302 2502 vocabulo

272 2530 424 2608 indicum,
444 2531 548 2614 quiin
565 2532 732 2616 Lepidam,
753 2531 858 2598 Cassii
875 2554 1019 2608 uxorem,
1040 2529 1141 2596 Silani
1159 2532 1303 2608 amitam,

272 2624 425 2689 incestum
441 2648 512 2689 cum
526 2626 630 2692 fratris
645 2626 708 2691 filio
723 2637 753 2691 et
767 2627 850 2692 diros
865 2648 1025 2691 sacrorum
1042 2626 1118 2689 ritus
1139 2625 1303 2712 confinge-

272 2728 349 2781 rent.
369 2719 570 2784 trahebantur
579 2730 614 2784 ut
623 2721 740 2785 conscii
749 2719 912 2786 Volcatius
923 2719 1068 2784 Tullinus
1079 2718 1300 2784 acMarcellus

274 2809 439 2876 Cornelius
450 2824 608 2878 senatores
619 2813 846 2900 etCalpurnius
855 2814 1005 2891 Fabatus,
1016 2813 1301 2897 equesRomanus3

274 2903 328 2985 qui
351 2905 506 2988 appellato
529 2907 668 2991 principe
694 2908 864 2973 instantem
889 2908 1120 2973 damnationem
1147 2907 1301 2984 frustrati,

275 3018 349 3059 mox
357 2997 514 3062 Neronem
524 2999 606 3064 circa
615 3023 738 3066 summa
752 3003 870 3067 seelera
879 3002 1047 3066 distentum
1057 3002 1148 3083 quasi
1161 3002 1302 3066 minores

240 3106 255 3152 e
275 3111 412 3157 evasere.
431 3102 505 3157 tune
523 3094 665 3159 consulto
680 3105 806 3160 senatus
826 3096 940 3161 Cassio
958 3106 989 3160 et
1007 3094 1115 3161 Silano
1134 3095 1228 3160 exilia
1247 3097 1303 3160 de-

274 3199 454 3253 cernuntur:
482 3190 521 3253 de
542 3190 664 3275 Lepida
682 3189 801 3256 Caesar
819 3201 977 3256 statueret.
1005 3191 1249 3276 deportatusque
1268 3191 1303 3254 in

273 3283 407 3347 insulam
427 3281 606 3348 Sardiniam
624 3282 770 3361 Cassius,
794 3296 825 3349 et
843 3294 980 3349 senectus
1003 3285 1070 3348 eius
1093 3284 1303 3368 exspectaba-

274 3387 338 3455 tur;
358 3376 496 3454 Silanus,
515 3388 674 3461 tamquam
691 3379 817 3442 Naxum
835 3378 1048 3455 deveheretur,
1068 3375 1194 3443 Ostiam
1213 3402 1303 3443 amo-

274 3481 334 3542 tus.
353 3472 610 3557 postmunieipio
628 3472 774 3558 Apuliae,
794 3473 844 3536 cui
861 3494 976 3537 nomen
989 3473 1119 3536 Barium
1137 3480 1194 3548 est,
1215 3473 1304 3536 clau-

274 3566 366 3630 ditur.
384 3566 448 3630 illic
464 3566 717 3653 indignissimum
732 3589 840 3631 casum
854 3567 1010 3652 sapienter
1027 3566 1171 3642 tolerans,
1192 3589 1212 3629 a
1227 3589 1303 3630 cen-

274 3661 395 3726 turione
422 3662 462 3725 ad
488 3662 616 3725 caedem
642 3661 739 3726 misso
766 3661 941 3746 corripitur,
974 3660 1178 3743 suadentique
1200 3684 1302 3727 venas

275 3754 469 3840 abrumpere,
488 3755 626 3820 animum
645 3755 771 3839 quidem
785 3755 877 3819 morti
891 3756 1079 3820 destinatum
1093 3755 1146 3831 ait,
1166 3755 1303 3820 sednon

274 3851 452 3934 permittere
461 3850 637 3934 percussori
646 3849 778 3935 gloriam
787 3849 960 3915 ministerii.
980 3860 1012 3914 at
1025 3849 1173 3926 centurie,
1189 3860 1310 3932 quam-'

275 3944 323 4006 vis
341 3944 500 4021 inermem,
519 3944 733 4029 praevalidum
751 3953 856 4008 tamen
873 3953 904 4007 et
920 3945 984 4008 irae
998 3966 1092 4027 quam
1110 3943 1215 4007 timori
1228 3967 1303 4028 pro-

275 4037 395 4120 piorem
413 4060 542 4103 cernens
560 4037 660 4124 premi
678 4062 697 4102 a
714 4038 863 4103 militibus
886 4037 986 4116 iubet3
1012 4060 1071 4102 nec
1093 4037 1198 4102 omisit
1218 4037 1303 4103 Sila-

276 4150 335 4192 nus
362 4131 461 4194 obniti
487 4141 518 4196 et
544 4132 703 4198 intendere
728 4133 823 4211 ictus,
855 4142 1007 4216 quantum
1023 4131 1177 4197 'manibus
1205 4134 1300 4198 nudis
