2760 4874
407 400 611 460 ANNALIUM
630 401 703 458 LIB.
721 401 799 458 XIV.
818 403 919 458 7-10.
1108 393 1171 458 259

151 507 171 544 p.
184 493 224 534 on.
234 494 266 532 so.

149 560 403 646 respondentium
422 560 522 623 omnis
541 582 596 622 ora
610 559 771 644 compleri3
790 560 926 641 adfluere
939 562 1049 646 ingens
1068 563 1171 626 multi·

149 656 224 719 tudo
243 677 313 717 cum
332 653 510 729 luminibus
530 663 623 734 atque
641 651 694 716 ubi
712 652 899 731 incolumem
917 677 987 719 esse
1004 657 1170 739 pernotuit,

149 760 183 813 ut
201 750 241 813 nd
263 748 450 834 gratandum
470 769 538 810 sese
561 747 721 830 expedire,
745 747 845 810 donec
862 758 991 832 aspectu
1013 750 1124 812 armati
1141 760 1172 813 et

148 842 317 907 minitantis
335 841 470 927 agminis
489 841 608 904 disiecti
627 850 709 905 sunt.
736 841 890 906 Anicetus
913 843 1019 906 villam
1038 843 1170 907 statione
1220 875 1222 878 ·

147 938 320 1001 circumdat
336 936 531 1018 refractaque
548 935 642 998 ianua
660 934 769 999 obvios
788 957 950 1000 servorum
968 935 1093 1021 abripit,
1115 938 1172 1001 do-

146 1053 204 1095 nec
222 1030 363 1094 adfores
382 1027 516 1092 cubiculi
533 1029 665 1104 veniret,
685 1028 735 1093 cui
753 1029 845 1113 pauci
862 1029 1041 1106 adstabant,
1061 1031 1170 1094 ceteris

145 1135 262 1188 terrore
277 1122 523 1207 ¹inrumpentium
541 1121 704 1186 exterritis.
731 1122 874 1187 cubiculo
892 1124 1049 1188 modicum
1066 1124 1172 1187 lumen

146 1218 245 1281 inerat
260 1227 290 1281 et
303 1217 485 1280 ancillarum
503 1239 574 1292 una,
593 1216 694 1301 magis
708 1238 745 1279 ac
763 1216 864 1303 magis
878 1241 897 1280 a
995 1208 998 1212 ¹
1016 1218 1169 1306 grippina,

147 1311 231 1394 quod
248 1333 340 1374 nemo
358 1310 459 1374 atilio
477 1331 514 1373 ac
531 1331 571 1372 nc
584 1307 743 1394 Agerinus
756 1310 897 1392 quidem:
997 1314 1000 1321 '
1026 1312 1093 1375 fore
1111 1311 1171 1374 lae-

147 1414 197 1468 tae
218 1407 266 1468 rei
285 1403 413 1480 facic1n3
440 1425 523 1467 nunc
546 1402 744 1468 solitudinem
766 1426 803 1467 ac
824 1405 1001 1488 repentinos
1024 1405 1169 1490 strepitus

147 1507 177 1562 et
195 1498 325 1562 extremi
338 1498 413 1563 mali
425 1497 548 1561 indicia.
571 1496 705 1561 abeunte
719 1497 957 1562 dehinc'ancilla
976 1507 1029 1576 „tu
1046 1515 1170 1581 quoquo

146 1613 196 1654 me
214 1591 374 1655 deseris?“
393 1592 562 1678 prolocuta,
581 1591 708 1675 respicit
719 1589 889 1656 Anicetum
908 1591 1074 1656 trierarcho
1088 1591 1171 1656 Her-

146 1685 245 1748 culeio
264 1695 295 1749 et
314 1683 456 1762 Obarito,
475 1685 653 1750 centurione
671 1684 840 1763 classiario,
860 1686 1054 1763 comitatum,
1073 1708 1124 1750 ao:
1143 1686 1171 1751 si
1224 1737 1226 1744 .

69 1855 70 1861 ἵ
145 1778 187 1842 ad
202 1778 366 1842 visendum
385 1779 535 1855 venisset,
557 1778 690 1843 refotam
712 1774 881 1856 nuntiaret,
905 1779 955 1844 sin
976 1779 1097 1844 facinus
1115 1802 1171 1864 pa-

145 1882 295 1948 traturus,
314 1872 398 1935 nihil·
409 1894 442 1936 se
461 1873 500 1937 de
518 1873 580 1936 filio
599 1872 739 1948 credere3
761 1895 824 1936 non
842 1873 1028 1957 imperatum
1044 1872 1171 1958 parrici-
1259 1953 1262 1957 .

145 1966 240 2029 dium.
272 1965 504 2033 circumsistunt
530 1966 645 2029 lectum
666 1963 922 2051 percussores‘et
942 1967 1027 2050 prior
1048 1967 1170 2030 trierar-

145 2059 222 2122 chus
240 2059 317 2123 fusti
339 2070 434 2143 caput
449 2061 522 2147 eius
545 2059 678 2137 adflixit;
701 2082 776 2122 nam
796 2063 830 2123 ia
847 2069 977 2123 mortem
999 2059 1169 2123 centurioni

143 2153 260 2216 ferrum
271 2154 478 2238 destringenti
491 2154 678 2238 protendens
693 2162 817 2217 uterum
835 2150 996 2233 „ventrem
1010 2153 1093 2216 seri“
1115 2174 1169 2217 ex-

144 2245 302 2324 clamauit3
321 2247 489 2330 multisque
507 2246 688 2311 vulneribus
707 2246 851 2311 confecta
868 2256 925 2311 est.
1100 2254 1101 2258 ’

207 2340 298 2404 Haec
316 2363 472 2404 consensu
489 2341 675 2425 produntur:
698 2340 895 2424 aspexeritne
913 2355 1043 2405 matrem
1062 2341 1168 2404 exani·
1186 2361 1200 2406 9

143 2456 225 2497 mem
247 2434 331 2498 Nero
353 2444 384 2498 et
405 2434 539 2498 formam
561 2434 698 2518 corporis
722 2435 788 2498 eius
810 2425 997 2510 laudaverit,
1021 2442 1094 2497 sunt
1115 2434 1169 2517 qui

143 2529 337 2604 tradiderint,
363 2535 435 2592 sunt
456 2529 511 2611 qui
534 2527 680 2592 abnuant.
708 2537 846 2592 cremata
866 2537 914 2592 est
935 2537 1026 2592 nocte
1048 2528 1167 2604 eadem,

143 2622 300 2685 convivali
318 2621 398 2686 lecto
421 2631 452 2685 et
475 2621 614 2703 exequiis
637 2620 765 2698 vilibus;
788 2624 903 2704 neque,
928 2622 1003 2685 dum
1020 2621 1103 2685 Nero
1120 2643 1169 2684 re-

141 2737 210 2777 rum
224 2714 408 2799 potiebatur,
428 2724 578 2801 congesta
591 2723 645 2778 aut
662 2714 769 2778 clausa
786 2714 915 2779 humus:
934 2737 1008 2779 mox
1021 2714 1168 2780 domesti-

142 2831 249 2874 corum
267 2832 342 2874 cura
358 2809 460 2874 levem
478 2810 632 2875 tumulum
650 2811 783 2894 accepit,
807 2811 891 2875 viam
908 2809 1025 2874 Miseni
1042 2819 1169 2895 propter

142 2913 174 2966 et
191 2904 297 2967 villam
316 2902 462 2968 Caesaris
486 2904 658 2980 dictatoris,
670 2926 762 2986 >quae
781 2903 938 2970 subiectos
956 2904 1043 2968 sinus
1062 2903 1169 2968 editis-

142 2996 222 3060 sima
242 3007 429 3081 prospectat.
461 3019 594 3062 accenso
616 3020 693 3083 rogo
715 2997 844 3062 libertus
867 2998 935 3062 eius
958 3006 1166 3083 cognomento

141 3089 284 3154 Mnester
305 3093 373 3176 ipse
395 3115 425 3156 se
442 3091 525 3156 ferro
545 3092 711 3176 transegit,
734 3092 887 3156 incertum
909 3092 1035 3156 caritate
1057 3092 1090 3154 in
1112 3113 1168 3175 pa-

142 3193 263 3248 tronam
281 3209 321 3248 an
339 3196 424 3249 metu
442 3185 538 3249 exitii.
566 3185 649 3247 hunc
668 3185 717 3249 sui
734 3185 828 3248 finem
845 3185 960 3249 multos
978 3194 1049 3248 ante
1068 3205 1166 3247 annos

142 3278 314 3342 crediderat
326 3278 504 3365 Agrippina
522 3288 824 3362 contempseratque3
842 3301 915 3342 nam
929 3276 1101 3342 consulenti
1115 3300 1167 3340 su-

140 3371 328 3457 perNerone
337 3371 721 3458 responderantChaldaei
729 3372 796 3436 fore
805 3381 840 3436 ut
848 3373 1014 3456 imperaret
1022 3384 1167 3434 matrem-

141 3487 203 3547 que
222 3466 389 3544 occideret3
409 3476 501 3549 atque
518 3466 572 3530 illa
592 3465 755 3544 „occidat“
775 3465 875 3548 inquit
893 3464 988 3543 „dum
1004 3464 1165 3548 imperet.“
1261 3477 1266 3485 ’

208 3557 273 3623 Sed
290 3583 310 3623 a
325 3558 461 3637 Caesare
474 3561 613 3644 perfecto
628 3561 754 3631 demum
768 3560 883 3624 scelere
896 3558 1079 3643 magnitudo
1096 3557 1164 3620 eius
1185 3577 1216 3623 10

134 3652 297 3725 ,intellecta
319 3665 380 3718 est:
403 3655 523 3738 reliquo
544 3655 645 3719 noctis
663 3655 756 3718 modo
777 3676 834 3738 per
856 3652 1011 3717 silentium
1034 3650 1165 3727 defixus,
1189 3711 1194 3718 .

141 3748 267 3832 saepius
285 3771 401 3833 pavore
419 3771 591 3834 exsurgens
615 3757 646 3812 et
663 3749 775 3812 mentis
793 3747 884 3832 inops
905 3746 1007 3815 lucem
1026 3745 1166 3829 opperie-

141 3839 233 3908 batur
242 3852 400 3924 tamquam
410 3842 539 3906 exitium
553 3841 729 3917 allaturam3
744 3850 837 3923 atque
847 3863 920 3903 eum
929 3847 1054 3902 auctore
1063 3838 1165 3902 Burro

140 3933 242 4018 prima
255 3936 470 4000 centurionum
483 3934 739 4016 tribunorumque
753 3934 890 3998 adulatio
903 3932 943 3996 ad
957 3954 1045 4016 spem
1062 3929 1166 3995 firma-

141 4026 200 4102 vit,
226 4031 440 4117 prensantium
463 4051 590 4093 manum
612 4028 862 4113 gratantiumque
887 4026 974 4109 quod
999 4025 1166 4089 discrimen

140 4120 335 4205 inprovisum
352 4132 383 4187 et
401 4122 508 4191 matris
525 4121 647 4186 facinus
661 4120 835 4199 evasisset}
846 4119 937 4185 amici
950 4119 1062 4184 dehinc
1080 4119 1165 4190 adire

933 4221 994 4286 17*
