2760 4874
170 390 233 455 252
522 392 705 453 CORNELII
718 392 854 451 'raom

1111 496 1161 525 au.
1170 488 1210 527 811.

170 559 253 623 enim
270 554 398 621 ludicris
416 552 517 639 ignari
538 550 777 617 oblectabantur
793 589 838 599 —
856 551 941 617 dum
959 574 1149 619 consessum
1166 577 1211 619 ea·

170 676 261 727 veae,
284 649 463 714 discrimina
484 646 644 723 ordinum,
670 646 742 731 quis
765 668 882 731 eques,
911 645 971 712 ubi
994 658 1129 713 senatus
1148 671 1211 734 per·

170 756 343 820 coutantur,
362 742 522 806 advertere
536 740 690 823 quosdam
708 738 795 805 cultu
808 750 947 805 externo
965 741 1002 805 in
1021 742 1151 807 sedibus
1167 764 1211 806 se·

170 852 327 915 natoru1n3
341 848 371 900 ct
384 835 512 918 «prinam
525 834 628 899 forent
641 832 824 919 rogitantes,
837 846 1021 921 postquam
1034 836 1210 901 audiverant

170 956 277 997 earum
299 930 438 1015 gentium
456 926 569 1013 legatis
586 926 621 991 id
641 926 768 993 honoris
785 926 916 1006 datum,
940 950 1030 1013 quae
1053 930 1167 994 virtute
1182 940 1209 994 et

170 1024 307 1090 araricitia
320 1023 462 1087 Romana
474 1020 706 1105 praecellerent,
725 1020 830 1085 nullos
847 1023 1043 1087 mortalium
1055 1024 1209 1088 marisam

171 1119 232 1183 lide
254 1130 326 1181 aute
350 1114 527 1181 Germanos
550 1136 621 1179 esse
642 1113 835 1193 exclamant,
862 1114 1163 1202 degrediunturque
1182 1130 1208 1182 et

170 1214 362 1295 interpatres
376 1208 553 1273 considunt.
572 1208 658 1291 quod
670 1207 801 1272 comiter
812 1208 1030 1276 avisentibus
1040 1221 1207 1296 exceptum,

170 1306 261 1389 quara-i
280 1305 414 1387 impetus
432 1300 553 1385 antiqui
571 1312 602 1365 et
619 1301 702 1366 bona
722 1301 954 1381 aemulatione3
977 1304 1072 1370 Nero
1094 1306 1208 1370 ciritate

173 1400 316 1463 lturuanu
324 1394 435 1460 ambos
448 1394 586 1471 donarit,
600 1394 720 1461 Frisios
733 1394 886 1461 decedere
894 1395 987 1482 agris
997 1397 1105 1463 iussit.
1124 1408 1207 1482 atque

174 1492 233 1555 illis
247 1488 486 1575 aaltemautibus
499 1488 658 1553 auxiliaris
672 1510 768 1571 eques
781 1498 912 1574 repente
926 1491 1102 1557 immissus
1110 1515 1208 1558 neees-

171 1586 294 1649 sitatem
312 1582 429 1658 attulit,
453 1581 554 1667 captis
572 1581 712 1647 caesisve
729 1582 784 1666 qui
801 1582 1005 1668 pervicacius
1025 1587 1205 1652 restiterant
1260 1632 1265 1643 -

121 1702 153 1749 aa
234 1676 376 1741 Eosdem
402 1698 496 1761 agros
518 1674 713 1761 Ampsivarii
733 1696 947 1761 occupavere,
975 1678 1118 1746 validior
1137 1702 1206 1767 gens

171 1794 233 1835 non
251 1770 345 1833 modo
364 1792 422 1833 sua
439 1768 545 1855 copia,
569 1768 625 1834 sed
643 1768 851 1833 adiacentium
869 1771 1071 1856 populorum
1088 1774 1206 1838 misera·

170 1865 267 1939 tione,
286 1862 361 1946 quia
378 1862 461 1947 pulsi
479 1885 499 1927 a
517 1861 656 1927 Chaucis
673 1870 705 1927 et
723 1862 807 1927 sedis
824 1862 938 1950 inopes
958 1875 1069 1931 tutum
1086 1868 1205 1932 exilium

171 1956 310 2033 orabant,
329 1956 498 2039 aderatque
512 1956 551 2021 iis
564 1955 666 2021 clarus
683 1978 740 2042 per
756 1956 826 2021 illas
839 1968 955 2043 gentes
974 1968 1008 2023 et
1027 1960 1125 2026 nobis
1138 1983 1206 2045 quo-

171 2074 232 2134 quc
251 2050 348 2127 fidus,
371 2050 496 2114 nomine
514 2048 698 2127 Boiocalus,
720 2049 860 2116 vinctum
879 2073 914 2116 se
931 2052 1114 2121 rebellione
1132 2054 1206 2121 Che-

171 2166 263 2209 rusca
288 2144 377 2207 iussu
399 2140 536 2207 Arminii
561 2142 714 2222 referens,
741 2166 817 2208 mox
842 2144 989 2224 Tiberio,
1019 2144 1205 2214 Germanico

171 2236 304 2302 ducibus
323 2236 478 2321 stipendia
495 2237 662 2315 meruisse,
681 2247 713 2302 et
729 2236 961 2325 quinquaginta
978 2264 1141 2308 annorum
1157 2242 1205 2307 ob-

172 2332 281 2415 sequio
303 2332 336 2395 id
357 2354 481 2415 quoque
504 2331 688 2417 adiungere,
716 2332 802 2416 quod
821 2342 952 2419 gentem
976 2358 1075 2402 suam
1098 2336 1205 2403 dicioni

171 2437 295 2489 uostme
322 2424 485 2489 subiceret.
516 2447 580 2508 quo
607 2436 724 2490 tantam
749 2436 870 2511 partem
897 2430 1006 2514 campi
1033 2431 1153 2510 iacere,
1176 2433 1205 2494 in

171 2542 265 2603 quma
284 2542 397 2604 pecora
415 2530 445 2584 et
463 2529 603 2585 armenta
619 2522 752 2585 militum
770 2522 938 2605 aliquando
958 2527 1205 2592 transmitteren-

172 2613 234 2676 tur!
259 2623 418 2677 servarent
441 2636 516 2678 sanc
538 2624 681 2700 receptus
703 2615 852 2701 gregibus
870 2616 952 2682 inter
975 2619 1147 2687 hominum
1163 2621 1205 2686 fa·

171 2731 268 2783 mem,
296 2707 389 2771 ruodo
411 2730 450 2771 ne
474 2708 652 2772 vastitatem
673 2718 704 2773 et
726 2709 926 2774 solitudinem
951 2714 1091 2780 mallent
1117 2739 1204 2800 quam

171 2802 287 2864 amieos
301 2801 444 2885 populos.
470 2800 703 2866 Chamavorum
720 2806 878 2886 quondam
892 2827 930 2869 ea
943 2829 1033 2885 arva,
1054 2832 1133 2875 mox
1146 2811 1204 2875 Tu·

171 2894 300 2959 bantuur
323 2906 354 2958 et
375 2905 447 2978 post
467 2894 638 2979 Usiporum
657 2896 765 2961 luisse.
793 2896 885 2962 sicuti
907 2899 1034 2965 eaelum
1059 2904 1144 2982 deis,
1165 2904 1203 2967 ita

171 2998 267 3053 ternas
290 2989 398 3074 generi
415 2989 593 3053 mortalium
616 2990 720 3068 datas;
743 3013 886 3075 quaeque
908 3015 1047 3074 vacuae,
1073 3020 1130 3063 eas
1151 3021 1203 3083 pu·

170 3082 267 3147 blicas
291 3106 370 3148 csse.
400 3083 498 3148 solem
521 3084 632 3148 deinde
654 3085 826 3170 suspiciens
848 3096 880 3150 et
901 3097 1010 3154 cetera
1028 3090 1137 3157 sidera
1153 3114 1201 3156 vo

170 3201 258 3255 cans,
283 3179 372 3261 quasi
395 3201 499 3243 coram
517 3179 741 3264 interrogabat,
765 3181 920 3245 vellentne
943 3187 1093 3250 contueri
1115 3187 1201 3250 inane

170 3273 290 3337 solum?
307 3272 410 3357 potius
429 3295 514 3336 mare
529 3273 789 3357 superfunderent
802 3275 954 3340 adversus
967 3285 1129 3344 terrarum
1142 3301 1201 3344 ere-

119 3388 151 3435 56
169 3377 282 3451 ptores.
311 3376 341 3430 et
363 3376 537 3430 commotus
560 3366 609 3431 his
631 3364 762 3431 Avitus:
784 3368 932 3452 patienda
954 3371 1127 3437 meliorum
1148 3374 1201 3437 im·

169 3461 269 3545 peria3
287 3460 320 3523 id
338 3461 386 3523 dis
404 3482 482 3543 quos
496 3459 685 3544 inplorarent
698 3461 857 3545 placitum,
875 3472 911 3525 ut
924 3462 1094 3530 arbitrium
1108 3487 1198 3552 penes

169 3555 328 3619 Romanos
339 3563 486 3630 maneret,
501 3554 577 3637 quid
591 3554 709 3631 darem,
723 3555 799 3637 quid
811 3555 994 3633 adimerent,
1011 3581 1118 3642 neque
1127 3560 1198 3624 alios

169 3647 288 3712 iudices
307 3669 402 3731 quam
421 3671 454 3712 se
472 3647 558 3732 ipsos
576 3657 765 3732 paterentur.
792 3649 871 3714 haec
888 3649 921 3712 in
937 3649 1106 3733 publicum
1124 3652 1198 3717 Am-

169 3742 312 3826 psivariis
335 3742 509 3826 respondit,
532 3742 593 3825 ipsi
611 3742 760 3806 Boiocalo
778 3742 818 3808 ob
837 3744 1023 3808 memoriam
1047 3747 1197 3812 amicitiae

170 3835 315 3898 daturum
332 3857 440 3920 agros;
463 3837 548 3919 quod
569 3835 620 3900 ille
638 3846 673 3900 ut
690 3837 874 3922 proditionis
895 3838 1035 3922 pretium
1054 3862 1197 3925 nspema

170 3938 233 4006 tus,
258 3930 376 3993 addidit
401 3930 530 4008 „deesse
554 3930 645 3995 nobis
664 3934 796 3995 terrain
817 3931 927 3995 vitam:
949 3931 984 3996 in
1005 3955 1072 4016 qua
1089 3935 1197 4000 moria·

169 4044 252 4097 mur,
280 4045 343 4086 non
372 4029 510 4106 potest.“
547 4034 640 4107 atque
670 4025 714 4089 ita
742 4025 875 4089 infensis
901 4024 1062 4110 utrimque
1089 4027 1194 4093 animis

170 4113 359 4178 discessum:
377 4116 422 4179 illi
439 4118 623 4196 Bructeros,
643 4117 829 4198 Tencteros,
847 4119 1012 4185 ulteriores
1032 4122 1128 4188 etiam
1145 4144 1194 4186 na·
