2760 4874
248 384 290 450 84
590 390 776 449 CORNELII
790 391 924 449 TACITI

1161 495 1182 525 ιι.
1192 497 1214 526 ιι.
1225 489 1270 528 773.

248 575 318 618 eam
343 560 501 616 aeternam
523 571 607 615 csse:
633 549 724 634 proin
744 559 919 634 repeterent
941 550 1116 630 sollemnia,-
1144 563 1175 617 et
1196 556 1272 637 quia

247 647 391 712 ludorum
404 643 614 729 Megalesium
632 643 844 729 spectaculum
862 643 997 723 suberat,
1015 645 1110 710 etiam
1127 647 1272 732 volupta-

247 752 294 806 tes
311 746 514 805 resumerent.

215 857 227 902 ι
311 833 395 898 Tum
412 842 505 896 exuto
523 831 640 896 iustitio
657 830 791 896 reditum
809 831 850 896 ad
867 832 982 910 munia,
1002 840 1033 897 et
1049 833 1176 899 Drusus
1194 835 1271 920 Illy-

245 928 326 993 ricos
349 927 389 991 ad
410 925 563 990 exercitus
584 925 743 1012 profectus
766 933 827 1002 est,
855 926 965 991 erectis
992 926 1131 991 omnium
1157 929 1269 992 animis

245 1021 398 1106 petendae
420 1041 438 1084 e
458 1018 575 1083 Pisone
596 1018 722 1083 ultionis
744 1027 776 1082 et
797 1017 904 1083 crebro
926 1028 1039 1102 questu
1061 1020 1146 1103 quod
1167 1043 1268 1106 vagus

244 1115 368 1179 interim
394 1135 451 1198 per
476 1133 607 1176 amoena
632 1111 731 1176 Asiae
762 1121 854 1194 atque
880 1110 1022 1175 Achaiae
1048 1113 1210 1197 adroganti
1237 1124 1269 1177 et

246 1206 378 1272 subdola
394 1209 482 1270 mora
500 1204 651 1269 scelerum
668 1203 865 1288 probationes
884 1203 1076 1289 subverteret
1082 1230 1091 1282 ;
1108 1228 1182 1268 nam
1199 1207 1268 1269 rul-

244 1311 351 1386 gatum
371 1308 437 1363 erat
454 1298 592 1374 missam,
611 1306 646 1361 ut
663 1297 738 1373 dixi,
758 1320 777 1360 a
794 1295 855 1361 Cn.
875 1292 984 1363 Sentio
1002 1297 1157 1363 famosam
1175 1321 1268 1363 venc-

244 1393 323 1457 ficiis
345 1391 515 1457 Martinam
538 1389 641 1455 subita
662 1399 760 1455 morte
782 1389 943 1455 Brundisii
964 1391 1147 1470 extinctam,
1174 1414 1268 1456 venc-

244 1507 382 1568 numque
394 1483 477 1549 nodo
486 1482 621 1549 ‘crinium
629 1482 701 1547 eius
716 1483 913 1561 occultatum,
932 1505 991 1548 nec
1008 1483 1071 1548 ulla
1086 1484 1121 1549 in
1138 1507 1267 1570 corpore

215 1591 217 1595 '
245 1579 337 1666 signa
354 1576 471 1663 sumpti
488 1575 575 1640 exitii
591 1585 722 1661 reperta.

210 1693 226 1742 8
251 1724 259 1731 .
307 1669 355 1736 At
375 1670 454 1735 Piso
473 1669 644 1755 praemisso
666 1668 699 1733 in
720 1668 830 1734 urbem
856 1669 920 1735 filio
943 1670 1085 1754 datisque
1110 1671 1265 1736 mandatis

243 1788 300 1852 por
325 1786 408 1848 quae.
430 1763 602 1848 principem
627 1762 773 1841 molliret,
800 1764 841 1828 ad
861 1763 1005 1828 Drusum
1030 1764 1145 1849 pergit3
1172 1786 1266 1847 quem

243 1859 328 1924 haud
345 1857 449 1921 fratris
467 1856 592 1920 interitu
610 1864 728 1920 trucem
745 1877 840 1940 quam
862 1867 980 1922 remoto
998 1857 1120 1922 aemulo
1139 1857 1267 1940 aequio-

243 1975 310 2017 rem
329 1950 389 2016 sibi
407 1949 560 2036 sperabat.
584 1949 730 2014 Tiberius
747 1972 809 2054 quo
826 1951 860 2014 in
860 1960 982 2037 tegrum
995 1951 1144 2014 iudicium
1162 1961 1266 2017 osten-

244 2054 331 2123 taret,
350 2053 515 2130 exceptum
531 2043 662 2108 comiter
673 2027 818 2108 iuvenem
837 2054 925 2114 sueta
942 2065 1017 2130 erga
1033 2044 1114 2108 filios
1132 2043 1266 2108 familia-

243 2162 313 2203 rum
338 2138 457 2204 nobiles
483 2136 666 2226 liberalitate
696 2147 798 2245 auget
834 2136 961 2203 Drusus
986 2137 1163 2215 Pisoni,
1138 2161 1173 2202 ιι
1191 2160 1265 2202 vera

243 2233 346 2298 forent
363 2254 443 2315 quae
456 2222 638 2308 iacerentm·,
656 2231 858 2317 praecipuum
875 2231 909 2297 in
926 2230 1032 2297 dolore
1050 2254 1143 2295 suum
1160 2232 1264 2296 locum

242 2327 416 2412 respondit3
439 2326 495 2391 scd
512 2325 604 2394 malle
621 2325 703 2390 falsa
720 2335 751 2389 et
767 2324 873 2391 inania
893 2347 952 2393 neo
969 2324 1114 2408 cuiquam
1131 2333 1264 2388 mortem

244 2419 422 2488 Germanici
440 2419 604 2483 exitiosam
622 2441 701 2484 csse.
729 2418 807 2483 haec
823 2419 925 2504 palam
949 2429 981 2484 et
997 2418 1094 2484 vitato
1112 2418 1197 2483 omni
1215 2441 1264 2482 se-

242 2523 340 2590 creto;
362 2534 463 2596 neque
476 2510 705 2583 ,dubitabantur
725 2512 916 2598 praescripta
937 2513 966 2576 ei
988 2537 1007 2577 a
1028 2511 1168 2590 Tiberio,
1192 2534 1263 2576 cum

241 2607 404 2672 incallidus
423 2606 538 2690 alioqui
560 2616 590 2670 et
612 2606 712 2671 facilis
735 2606 862 2670 iuventa
884 2605 1032 2671 senilibus
1055 2615 1122 2670 tum
1144 2606 1262 2672 artibus

175 2742 176 2746 =
241 2710 387 2765 uteretur.

209 2817 222 2862 9
304 2793 381 2858 Piso
398 2789 576 2858 Delmatico
594 2793 672 2857 mari
694 2773 838 2860 tramisso
855 2793 1032 2879 relictisque
1054 2794 1138 2880 apud
1154 2792 1262 2860 Anco-

240 2909 314 2951 nam
330 2886 463 2951 naribus
482 2908 538 2970 per
554 2886 707 2952 Picenum
724 2910 762 2952 ac
779 2911 854 2953 mox
866 2888 1100 2953 Flaminiam
1070 2911 1155 2952 vram
1172 2889 1262 2952 adsc-

241 2981 346 3064 quitur
357 2980 513 3066 legionem
531 3001 611 3077 quae
629 2980 843 3047 ePannonia
834 3006 867 3046 m
881 2980 1000 3058 urbem,
1019 2982 1089 3045 dein
1106 2981 1261 3066 praesidio

240 3074 369 3138 Africae
396 3074 580 3152 ducebatur,
608 3097 706 3158 eaque
731 3098 782 3140 res
809 3077 930 3161 agitata
950 3074 1142 3152 rumoribus,
1169 3084 1204 3139 ut
1229 3075 1267 3138 in

240 3167 364 3253 agmine
383 3176 475 3250 atque
497 3168 605 3233 itincre
624 3167 731 3239 crebro
750 3191 786 3234 se
801 3131 951 3235 militibus
970 3179 1019 3233 ost
1007 3168 1198 3233 tentavisset.
1221 3168 1261 3233 ab

239 3261 369 3337 Narnia,
397 3262 541 3326 litandae
563 3263 747 3347 suspicionis
770 3287 811 3327 an
833 3263 907 3346 quia·
930 3262 1052 3348 pavidis
1079 3262 1261 3326 consiliam
1281 3230 1344 3385 β

239 3355 356 3420 incerto
379 3364 465 3432 sunt,
491 3356 574 3420 Nare
596 3378 633 3420 ac
659 3379 732 3421 mox
754 3356 863 3421 Tiberi
887 3357 1036 3420 descetus
1053 3358 1150 3420 auxit
1137 3355 1261 3440 trulgi

239 3451 316 3556 iras,
343 3449 416 3531 quia
441 3472 553 3520 navem
572 3435 694 3515 tumulo
718 3449 891 3514 Caesarum
912 3432 1075 3534 adpulerat
1095 3449 1208 3530 dieque
1231 3456 1262 3510 et

238 3543 307 3627 ripa
328 3535 483 3625 frequenti
504 3565 620 3628 magno
642 3543 801 3608 clientium
823 3543 947 3629 agmine
968 3543 1051 3627 ipse,
1073 3541 1261 3606 feminarum
1306 3614 1308 3618 p

238 3635 365 3700 comitat
366 3658 388 3699 u
354 3634 563 3700 tPlancina
589 3646 621 3701 et
646 3637 735 3701 vultu
755 3636 908 3701 alacres
899 3657 1063 3700 incessere.
1095 3633 1155 3698 fuit
1142 3634 1261 3699 tinter

238 3728 434 3793 inritamenta
459 3730 594 3794 invidiae
620 3730 731 3799 domus
753 3730 821 3795 soro
847 3730 1012 3794 imminens
1032 3729 1115 3794 festa
1141 3736 1259 3802 ornatu,

240 3819 482 3905 conviviumque
500 3832 531 3887 et
548 3823 668 3908 epulae,
688 3833 719 3888 et
736 3823 913 3888 celebritate
930 3822 991 3888 loci
1004 3819 1082 3885 nihil
1094 3821 1258 3885 occultum.

191 3935 221 3982 ro
301 3915 433 3982 Postera
459 3917 509 3981 die
534 3917 696 3982 Fulcinius
724 3917 805 3983 Trio
824 3917 974 3982 Pisonem
1004 3916 1088 4000 apud
1115 3914 1258 3979 consules
1303 3950 1308 3958 ,

237 4008 421 4094 postulavit3
448 4021 554 4075 contra
579 4011 724 4078 Vitellius
751 4034 788 4076 ac
814 4011 970 4077 Veranius
997 4009 1153 4092 ceterique
1180 4004 1259 4072 Ger·

238 4103 394 4168 manicam
421 4105 558 4170 comitati
583 4105 764 4183 tendebant,
785 4103 893 4171 'nullas
920 4126 990 4170 esso
1015 4103 1112 4190 partis
1135 4099 1257 4176 Trioni3
