2760 4874
408 383 613 442 ANNALIUM
631 383 706 438 LIB.
722 384 787 438 ΧΠ.
802 384 890 437 e-t.
1098 372 1158 436 201

139 477 298 529 amum

138 549 233 611 lanus
252 545 373 608 eiurare
393 542 555 628 magistrat
557 563 623 618 um,
648 551 678 605 et
700 540 838 624 reliquus
860 550 1022 626 praeturae
1045 543 1162 607 diesin

137 639 271 730 Eprium
289 636 475 701 Marcellum
493 636 585 700 collat
573 644 623 700 tus
642 644 698 700 est.

204 732 241 797 C
256 732 403 808 Panemo,
424 729 464 813 Q.
479 729 618 795 Vunnmo
637 728 817 794 consulibus
831 738 903 815 pact
904 753 957 793 um
974 731 1053 795 inter
1067 729 1192 796 Clau-
1181 753 1196 798 5

138 829 278 892 diumt
248 835 278 893 et
294 824 504 911 Agrippinam
524 823 755 892 matrimonium
776 823 840 888 iam
857 823 986 901 fama,
977 848 1039 889 ram
1057 848 1162 911 amore

83 910 85 914 ⁸
138 922 246 986 illicito
263 918 457 995 firmabatur;
480 918 614 982 necdum
632 917 788 982 celebrare
806 917 968 983 sollemnia
984 908 1162 1004 nuptiarum

138 1014 310 1091 audebant,
333 1011 418 1076 nullo
442 1011 586 1096 exemplo
608 1011 760 1076 deductae
781 1012 815 1076 in
836 1012 963 1076 domum
980 1013 1083 1098 patrui
1096 1012 1162 1077 fra-
1188 1050 1193 1054 ·

138 1109 194 1174 tris
212 1108 293 1172 filiae
299 1132 308 1184 ;
326 1106 402 1189 quin
420 1115 451 1171 et
467 1106 621 1170 incestum
639 1128 689 1183 ac,
713 1106 740 1170 si
758 1115 968 1191 sperneretur,
989 1129 1029 1170 ne
1046 1108 1080 1171 in
1095 1126 1163 1171 ma·

137 1204 205 1268 lum
218 1202 378 1287 publicum
391 1211 566 1285 erumperet
578 1200 782 1265 metuebatur.
800 1223 859 1265 nec
873 1211 944 1266 ante
958 1202 1074 1285 omissa
1087 1225 1163 1266 cun-

138 1297 232 1361 ctatio
245 1318 340 1378 quam
350 1294 495 1360 Vitellius
509 1294 574 1359 suis
584 1294 701 1367 artibus
716 1294 748 1357 id
761 1295 1001 1379 perpetrandum
1015 1296 1162 1381 sumpsit;

137 1399 398 1474 percontatusque
418 1387 587 1453 Caesarem
603 1399 650 1451 'an
670 1387 764 1452 iussis
782 1388 908 1473 populi,
926 1412 968 1452 an
989 1390 1162 1454 auctoritati

138 1492 265 1548 senatus
284 1482 416 1558 cederet,
434 1481 490 1546 ubi
506 1481 558 1546 ille
571 1504 670 1545 unum
688 1504 722 1546 se
740 1481 854 1545 civium
873 1491 904 1546 et
922 1482 1088 1547 consensui
1104 1483 1163 1546 im·

137 1599 246 1662 parem
258 1575 428 1661 respondit,
444 1575 577 1661 opperiri
590 1574 671 1638 intra
683 1574 833 1659 palatium
846 1574 945 1653 iubet3
963 1575 1031 1661 ipse
1045 1576 1162 1641 curiam

137 1671 322 1757 ingreditur,
347 1692 564 1754 summamque
585 1692 653 1734 rem
674 1669 831 1755 publicam
853 1671 906 1755 agi
927 1670 1086 1736 obtestans
1109 1694 1163 1735 ve·

137 1765 223 1829 niam
240 1764 364 1828 dicendi
381 1773 452 1827 ante
471 1764 548 1829 alios
567 1765 721 1849 exposcit,
744 1765 937 1848 orditurque:
959 1765 1162 1850 gravissimos

137 1858 286 1943 principis
304 1856 436 1934 labores,
456 1859 526 1940 quis
545 1856 653 1922 orbem
666 1866 765 1922 terrae
783 1867 935 1943 capessat,
954 1880 1046 1944 egere
1065 1859 1164 1922 admi-

136 1951 263 2028 niculis,
286 1960 322 2015 ut
339 1951 510 2015 domestica
531 1974 606 2016 cura
627 1974 746 2016 vacuus
764 1952 797 2016 in
819 1974 982 2016 commune
1005 1953 1161 2029 consulat3

138 2045 224 2129 quod
240 2067 331 2130 porro
349 2045 510 2110 honestius
529 2045 687 2110 censoriae
710 2045 821 2110 mentis
839 2045 1050 2109 levamentum
1066 2068 1161 2129 quam

138 2161 297 2205 assumere
320 2139 499 2224 coniugem,
521 2140 678 2228 prosperis
701 2139 865 2222 dubiisque
888 2139 1018 2215 sociam,
1042 2140 1093 2204 cui
1110 2162 1162 2204 co-

137 2233 303 2318 gitationes
317 2233 452 2310 intimas,
471 2233 522 2297 cui
538 2256 652 2318 parvos
665 2232 780 2297 liberos
794 2233 903 2309 tradat,
923 2255 986 2296 non
1002 2232 1090 2296 luxui
1108 2243 1161 2296 aut

137 2327 349 2412 voluptatibus
363 2327 574 2404 adsuefactus,
594 2328 650 2391 sed
663 2327 716 2410 qui
729 2327 829 2412 prima
842 2326 881 2390 ab
895 2327 1022 2390 iuventa
1038 2325 1162 2411 legibu's

138 2420 424 2505 obtemperavisset.
451 2430 619 2505 postquam
636 2422 714 2485 haec
735 2419 900 2486 favorabili
918 2419 1055 2484 oratione
1072 2441 1161 2504 prae·
1180 2441 1194 2487 o

137 2513 223 2578 misit
244 2515 403 2598 multaque
420 2524 544 2599 patrum
566 2515 734 2580 assentatio
758 2513 958 2598 sequebatur,
982 2522 1073 2598 capto
1094 2535 1162 2577 rur-

139 2630 194 2671 sus
207 2607 306 2685 initio,
325 2609 449 2690 quando
461 2608 671 2672 maritandum
684 2608 855 2693 principem
869 2608 973 2674 cuncti
986 2607 1160 2683 suaderent,

139 2700 235 2785 deligi
252 2711 393 2786 oportere
407 2701 556 2765 feminam
568 2701 738 2779 nobilitate,
757 2701 938 2786 puerperiis,
958 2700 1162 2766 sanctimonia

137 2793 308 2879 insignem3
323 2817 380 2858 nec
389 2795 448 2858 -diu
462 2795 688 2878 anquirendum
701 2795 777 2879 quin
789 2793 967 2882 Agrippina
980 2794 1162 2859 claritudine
1196 2856 1199 2862 .

138 2888 262 2974 generis
280 2889 423 2961 anteiret:
447 2890 554 2954 datum
571 2889 611 2954 ab
629 2911 667 2954 ea
683 2889 882 2963 fecunditatis
905 2891 1160 2975 experimentum,

139 2993 171 3047 et
188 3004 358 3068 congruere
376 2993 457 3048 artes
474 2983 621 3048 honestas
627 3008 637 3062 3
654 2983 688 3047 id
704 3004 778 3048 vcro
796 2984 971 3070 egregium,
990 2983 1075 3066 quod
1091 3005 1164 3067 pro-

138 3076 210 3140 visu
227 3077 321 3140 deum
338 3076 433 3161 ridua
450 3077 629 3162 iungeretur
641 3076 774 3162 principi
792 3100 849 3141 sua
867 3087 987 3141 tanturn
1004 3076 1162 3140 matrimo-

138 3170 192 3234 nia
214 3180 355 3255 experto;
378 3169 536 3235 audivisse
558 3195 577 3235 a
598 3171 792 3256 parentibus,
815 3171 932 3235 vidisse
953 3171 1040 3254 ipsos
1062 3167 1162 3253 abripi

139 3264 288 3349 coniuges
306 3264 347 3328 ad
363 3263 452 3328 libita
466 3263 653 3341 Caesarum3
672 3264 780 3349 procul
797 3264 830 3327 id
848 3287 866 3328 a
882 3262 1039 3349 praesenti
1055 3261 1163 3325 mode-

139 3357 213 3422 stia:
233 3366 418 3422 statueretur
434 3357 531 3423 immo
549 3358 784 3434 documentum,
803 3379 866 3441 quo
884 3378 1012 3420 uxorem
1029 3357 1162 3439 impera-

138 3461 188 3516 tor
201 3449 218 3484 *
236 3451 397 3537 acciperet.
421 3451 548 3516 atenim
561 3474 643 3516 nova
654 3451 746 3516 nobis
763 3451 797 3515 in
813 3450 943 3514 fratrum
956 3449 1036 3514 filias
1055 3448 1162 3513 coniu-

138 3545 206 3630 gia:
222 3545 278 3609 sed
291 3545 358 3609 aliis
372 3545 518 3631 gentibus
534 3545 703 3621 sollemnia,
717 3567 819 3629 neque
832 3545 902 3630 lege
915 3542 979 3608 ulla
990 3541 1161 3627 prohibita3

139 3647 171 3702 et
189 3637 383 3705 sobrinarum
401 3639 455 3702 diu
476 3639 618 3725 ignorata
634 3649 773 3724 tempore
795 3638 901 3703 addito
917 3634 1161 3722 percrebruisse:

138 3753 258 3796 morem
275 3733 503 3799 accommodari
523 3743 617 3819 prout
604 3734 801 3810 t,condueat
824 3741 855 3797 et
872 3732 939 3796 fore
955 3730 1016 3795 hoc
1037 3750 1161 3812 quoque

138 3827 172 3890 in
189 3826 228 3889 iis
246 3848 326 3916 quae
344 3850 419 3892 mox
436 3837 633 3936 usurpentur

204 3912 303 3984 Haud
320 3921 447 3986 defuere
465 3922 519 4004 qui
537 3921 691 3998 certatim,
715 3922 742 3986 si
760 3930 956 3985 cunctaretur
975 3916 1158 3994 Caesar,
1129 3940 1161 3980 vr
1181 3938 1193 3982 ι

139 4022 264 4078 acturos
274 4014 439 4084 testificent
428 4015 786 4099 teserumpereuteuria·
778 4011 1162 4100 ,conglobaturpromisca

138 4106 306 4172 multitudo
332 4108 543 4194 populumque
565 4109 743 4180 Romanum
768 4109 878 4174 eadem
900 4129 988 4175 orare
1014 4105 1160 4186 clamitat.
