2760 4874
337 396 401 461 330
687 402 1015 463 corruamrrncrrr

810 526 814 533 .
1257 506 1313 537 ιιι.
1322 498 1371 537 819.

336 566 531 651 primmdum
542 564 711 651 imaginem
720 562 844 629 honesti
852 564 1019 641 exereitus,
1028 574 1166 629 ceterum
1180 564 1289 630 animo
1297 588 1371 651 per-

337 661 478 737 fidiosus,
497 658 661 737 subdolus,
679 660 842 725 avaritiam
854 680 893 725 ae
908 658 1072 725 libidinem
1089 658 1266 737 occultans3
1286 680 1369 743 quae

337 766 503 839 postquam
525 755 658 839 pecunia
674 754 798 819 reclusa
819 762 907 831 sunt,
928 752 1015 819 dedit
1035 754 1215 838 exemplum
1237 776 1370 839 praeea-

337 850 440 927 rcndi,
454 850 611 933 quomodo
624 848 788 913 fraudibus
801 846 959 913 involutos
976 858 1031 913 ant
1043 848 1170 933 flagitiis
1185 870 1368 913 commacu-

336 944 426 1019 latos,
441 944 487 1007 sic
501 943 605 1029 specio
618 942 771 1007 bonarum
780 942 893 1007 artium
906 942 1006 1007 falsos
1015 952 1047 1006 et
1058 942 1213 1007 amicitiae
1223 942 1366 1007 fallaces.

287 1056 319 1101 :nt
403 1038 491 1101 ldcnr
501 1050 606 1101 tamen
615 1037 682 1101 dies
693 1046 724 1100 ct
737 1036 905 1101 honestum
915 1035 1094 1120 exemplum
1103 1036 1173 1099 tulit
1184 1035 1291 1100 Cassii
1301 1035 1367 1099 As-

337 1131 514 1217 clepiodoti,
533 1131 587 1214 qui
601 1131 816 1215 magnitudine
835 1152 930 1214 opum
948 1130 1135 1215 praecipuus
1153 1130 1236 1193 inter
1252 1130 1367 1215 Bithy-

336 1248 405 1304 nos,
422 1246 486 1309 quo
504 1225 656 1308 obsequio
674 1224 835 1288 florentem
847 1226 1003 1289 Soranum
1017 1223 1237 1300 celebraverat,
1257 1223 1367 1288 laben-

337 1330 401 1384 tcur
418 1342 481 1383 non
499 1319 650 1394 descruit,
678 1331 854 1401 exutusque
876 1318 1022 1383 omnibus
1040 1317 1173 1381 iomanis
1197 1328 1228 1381 ct
1247 1318 1282 1381 in
1300 1319 1366 1382 exi-

336 1414 413 1477 lium
426 1425 524 1490 actus,
543 1415 698 1497 aequitate
712 1414 806 1477 deum
822 1435 897 1497 erga
910 1412 994 1477 bona
1007 1412 1150 1495 malaque
1164 1413 1365 1477 documenta.

338 1508 497 1573 Thraseae
517 1508 700 1591 Soranoque
723 1518 754 1572 et
774 1506 925 1573 Serriliae
943 1508 1036 1571 datur
1056 1507 1165 1570 mortis
1184 1507 1365 1585 arbitrium3

336 1602 505 1667 llelridius
524 1612 555 1665 et
572 1602 729 1665 Paeonius
747 1602 840 1665 Italia
857 1602 1067 1685 depelluntur;
1090 1600 1265 1665 Montanus
1283 1602 1365 1686 patri

336 1718 506 1759 concessus
525 1705 582 1771 est,
601 1696 759 1779 praedicto
778 1718 817 1759 no
835 1694 869 1758 in
885 1695 1057 1780 republica
1075 1694 1252 1759 haberetur.
1272 1717 1366 1760 accu-

337 1788 492 1853 sutoribus
501 1788 600 1872 Eprio
618 1799 649 1852 et
668 1788 858 1854 Cossutiano
877 1789 1084 1873 quinquagies
1103 1788 1282 1855 sestertium
1302 1790 1366 1853 sin-

336 1882 429 1969 gulis,
449 1880 578 1949 Ostorio
597 1883 763 1947 duodecies
782 1894 813 1947 et
831 1883 1009 1965 quaestoria
1025 1882 1161 1968 insignia
1174 1882 1364 1947 triburmtur.

286 1994 318 2039 :rr
401 1976 486 2041 Tum
504 1978 545 2041 ad
554 1976 727 2041 Thraseam
740 1977 773 2039 in
791 1977 888 2041 hortis
903 1986 1049 2061 agentem
1062 1985 1211 2059 quaestor
1223 1976 1364 2041 consulis

336 2072 452 2135 missus
470 2081 707 2155 vesperascente
726 2071 789 2134 iam
806 2071 871 2149 die;
890 2070 1057 2135 illustrium
1074 2070 1213 2134 virorum
1230 2069 1366 2134 femina»

336 2187 468 2247 rumque
486 2175 593 2229 coetus
612 2164 790 2247 frequentes
809 2174 924 2251 egerat,
944 2165 1079 2229 maxime
1097 2165 1234 2229 intentus
1244 2164 1366 2228 Deme-

336 2261 405 2336 trio,
426 2259 565 2345 Cynicae
583 2260 786 2324 institutionis
805 2259 933 2336 doctori,
953 2282 1025 2323 cunr
1043 2282 1116 2342 quo,
1135 2268 1170 2321 ut
1188 2258 1364 2323 coniectare

337 2365 402 2418 erat
411 2354 581 2418 intentione
591 2355 695 2418 vultus
706 2365 737 2418 et
750 2354 874 2430 auditis,
894 2355 920 2418 si
934 2376 997 2436 qua
1006 2353 1119 2417 clarius
1132 2352 1366 2437 proloqueban-

337 2459 395 2525 tur,
415 2450 454 2512 de
472 2460 583 2512 natura
600 2449 722 2513 aninrae
741 2459 771 2512 et
785 2449 1004 2513 dissociatione
1019 2448 1146 2532 spiritus
1160 2446 1364 2531 corporisque

336 2544 522 2627 inquirebat,
537 2544 637 2608 donec
655 2544 949 2608 advenitDomitius
961 2543 1169 2619 Caecilianus,
1185 2564 1226 2605 cx
1243 2542 1363 2606 intimis

337 2638 455 2715 amieis,
468 2648 499 2701 et
512 2637 540 2701 ei
555 2639 630 2720 quid
644 2649 769 2702 senatus
785 2639 958 2702 censuisset
972 2638 1124 2722 exposuit.
1143 2637 1239 2721 igitur
1253 2636 1364 2700 flentes

336 2733 597 2815 queritantesquc‚
617 2733 817 2815 quiaderant,
836 2733 993 2797 facessere
1006 2754 1138 2816 propere
1148 2731 1293 2794 Thrasea
1303 2752 1365 2793 neu

335 2826 474 2909 pericula
489 2849 545 2888 sua
560 2828 691 2890 miseere
705 2849 776 2890 eum
796 2837 877 2891 sorte
896 2827 1035 2891 damnati
1052 2827 1200 2902 hortatur,
1220 2824 1365 2888 Arriam-

336 2940 397 2999 que
415 2927 618 3000 temptantem
637 2920 739 2982 mariti
757 2940 904 3003 suprema
922 2930 954 2984 ct
971 2921 1149 3005 exemplum
1163 2918 1279 2982 Arriae
1297 2943 1365 2982 ma-

337 3012 391 3073 tris
411 3010 500 3093 sequi
518 3021 622 3074 monet
639 3012 772 3076 retinere
794 3014 892 3077 uitam
913 3015 1059 3098 filiaeque
1082 3013 1239 3078 communi
1258 3012 1365 3077 subsi-

337 3106 422 3168 dium
440 3106 567 3169 unieum
586 3129 649 3170 non
667 3107 812 3171 adimere.

287 3214 317 3259 aa
401 3200 484 3264 Turn
496 3223 681 3287 progressus
695 3202 728 3264 in
741 3203 905 3286 porticum,
924 3204 987 3267 illic
996 3228 1014 3267 a
1023 3211 1187 3286 quaestore
1199 3203 1363 3287 reperitur,

337 3295 471 3359 laetitiae
493 3297 632 3380 propior,
657 3297 730 3379 quia
749 3297 944 3374 Helvidium,
972 3320 1123 3383 generum
1141 3318 1247 3372 suurn,
1271 3296 1366 3359 Italia

337 3399 459 3453 tanturn
473 3390 570 3453 areeri
584 3402 782 3475 cognouerat.
801 3402 929 3476 accepto
948 3391 1061 3455 dehinc
1078 3390 1365 3455 senatusconsulto

338 3483 520 3546 Helvidium
531 3493 562 3546 ct
571 3484 767 3548 Demetrium
776 3487 810 3548 in
819 3485 997 3550 cubiculum
1007 3485 1134 3560 inducit,
1149 3484 1365 3568 porrectisque

338 3577 500 3660 utriusque
514 3577 632 3641 brachii
642 3580 739 3655 vonis,
759 3590 927 3664 postquam
941 3601 1082 3643 eruorem
1092 3578 1212 3652 effudit,
1231 3577 1364 3640 humum

339 3694 433 3756 super
447 3693 606 3757 spargens,
621 3673 748 3757 propius
763 3685 873 3738 vocato
888 3683 1052 3757 quaestore
1072 3672 1247 3753 „libamus“
1263 3673 1366 3754 inquit

340 3767 429 3845 ,Iovi
442 3766 608 3830 liberatori.
628 3779 743 3851 specta,
758 3768 894 3846 iuvenis3
914 3779 944 3832 et
957 3791 1050 3832 omen
1064 3767 1191 3850 quidem
1201 3767 1245 3829 dii
1258 3767 1366 3850 prohi-

338 3860 445 3925 beant:
464 3870 600 3924 cetcrum
614 3862 646 3924 in
660 3884 697 3926 ea
714 3873 854 3947 tempora
868 3873 959 3927 natus
974 3886 1017 3939 es,
1033 3862 1147 3945 quibus
1161 3861 1286 3924 firmare
1297 3861 1366 3925 ani-

339 3980 424 4018 mum
439 3956 584 4041 expediat
593 3956 806 4021 constantibus
817 3957 998 4041 exernplis.“
1017 3965 1089 4041 post
1100 3955 1285 4019 lentitudine
1299 3957 1366 4018 cxi-

340 4058 389 4112 tus
400 4072 511 4133 graves
522 4050 675 4116 cruciatus
685 4051 843 4128 afferente,
863 4051 1003 4116 obversis
1013 4051 1045 4114 in
1055 4049 1365 4114 Demetriumrrr*
