2760 4874
212 413 277 479 324
561 420 746 479 CORNELII
757 419 888 476 TACITI

1132 512 1244 550 a.u.Sttt.

197 582 285 649 'nam
294 583 345 647 bic
354 581 511 664 quondam
525 579 702 665 praefectus
711 579 857 664 [auctoni
866 588 896 643 et
906 578 1128 643 consularibus
1142 579 1246 664 insig-

210 676 305 743 nibus
319 676 452 740 donatus
467 697 504 739 ac
517 696 617 759 nuper
629 673 757 737 crimine
770 673 991 738 coniurationis
1008 673 1041 738 iu
1058 670 1245 738 Sardiniam

211 781 341 835 exactus
351 780 479 854 accepto
493 768 597 832 iussae
607 767 833 831 mortisnuutio
843 767 1123 844 semetinterfecit3
1142 765 1244 842 Mela,

212 864 325 950 quibus
337 862 441 930 Gallio
450 875 481 926 et
492 861 614 929 Seneca
622 861 803 947 parentibus
812 871 915 940 natus,
924 862 1073 948 petitione
1083 861 1243 926 honorum

212 958 404 1024 abstinuerat
417 980 474 1043 per
487 956 688 1021 ambitionem
702 966 945 1042 praeposteram,
966 966 1000 1020 ut
1013 977 1112 1039 eques
1122 955 1245 1020 Roma·

212 1076 272 1117 uus
290 1051 505 1117 consularibus
523 1051 662 1135 potentia
683 1060 883 1133 aequaretur;
910 1049 1003 1115 simul
1025 1049 1244 1133 adquirendae

211 1148 364 1233 manniae
381 1146 508 1211 brevius
526 1146 585 1209 iter
602 1144 748 1209 credebat
765 1166 822 1230 per
839 1144 1086 1230 procurationes,
1107 1143 1244 1208 admini-

212 1242 348 1307 abundis
357 1241 506 1326 principis
515 1240 659 1326 negotiis.
679 1238 1112 1303 idemAnnaeumLueauum
1121 1260 1244 1324 geuue-

211 1345 274 1412 rat,
296 1336 414 1420 graude
436 1335 650 1398 adiumentum
669 1332 876 1409 claritudinis3
898 1354 962 1415 quo
979 1331 1147 1396 interfecto
1165 1331 1244 1395 dum

212 1452 279 1494 rem
297 1429 482 1493 {inutiliorem
501 1429 569 1493 eius
587 1429 698 1492 aeriter
714 1427 851 1510 requirit,
870 1435 1085 1491 accusatorem
1104 1426 1244 1490 concivit
1320 1486 1323 1492 .

212 1522 347 1588 Fabium
367 1523 554 1599 Romanum,
574 1546 614 1587 ex
632 1521 748 1586 intimis
762 1521 887 1585 Lucani
904 1520 1026 1584 amicist
1045 1518 1148 1583 mixta
1161 1519 1244 1584 inter

106 1608 110 1617 ¹
211 1626 332 1701 patrem
350 1616 510 1700 filiumque
528 1615 749 1679 coniurationis
768 1615 898 1679 scientia
914 1614 1056 1699 fingitur,
1079 1614 1244 1678 adsimila-

213 1710 253 1773 tis
270 1710 394 1773 Lucani
412 1709 535 1784 litteris3
558 1730 638 1791 quas
655 1709 813 1792 inspectas
830 1708 914 1773 Nero
931 1707 1005 1772 ferri
1023 1708 1064 1771 ad
1082 1729 1159 1771 eum
1175 1707 1244 1772 ius-

213 1803 263 1879 sit,
281 1802 394 1887 opibus
413 1803 480 1866 eins
498 1803 631 1868 inhians.
656 1814 688 1868 at
704 1803 802 1881 Mela,
819 1825 901 1887 quae
918 1813 986 1866 tum
1003 1801 1244 1887 promptissima

212 1897 320 1961 mortis
338 1897 398 1974 ria,
418 1897 552 1962 exsolvit
569 1919 679 1974 venas,
703 1897 826 1983 scriptis
844 1897 993 1962 codicillis
1011 1894 1128 1979 quibus
1146 1919 1243 1982 gran-

211 1992 285 2057 dem
303 1993 469 2077 pecuniam
491 1993 524 2057 iu
541 1992 733 2078 Tigellinum
755 2012 968 2078 generumque
985 1990 1053 2054 eius
1073 1988 1242 2055 Cossutia·

212 2108 289 2150 num
308 2085 494 2172 Capitonem
512 2087 671 2173 erogabat,
690 2108 752 2170 quo
770 2096 873 2150 cetera
889 2092 1060 2148 manerent.
1079 2081 1239 2169 addique]
1336 2112 1340 2123 ·

213 2180 378 2257 codicillis,
402 2192 560 2264 tamquam
580 2181 619 2245 dc
640 2181 803 2264 iniquitate
821 2179 908 2243 exitii
925 2200 1059 2262 querens
1078 2177 1124 2241 ita
1142 2177 1242 2262 scrip-
1339 2230 1342 2235 .

214 2274 316 2352 sisset,
337 2297 370 2339 se
380 2275 507 2358 quidem
516 2275 595 2339 mori
604 2275 697 2340 nullis
708 2274 852 2360 supplicii
861 2275 975 2350 causis,
992 2271 1124 2337 Rufium
1134 2280 1241 2336 autem

214 2366 396 2453 Crispinum
411 2378 442 2432 ct
452 2368 601 2433 Anicium
611 2368 767 2434 Cerialem
781 2368 846 2432 vita
859 2368 922 2431 hui
934 2366 1075 2431 infensos
1089 2365 1240 2450 principi:

213 2484 294 2545 quae
312 2465 486 2549 composita
504 2466 709 2531 credebantur
726 2466 765 2529 de
785 2465 941 2550 Crispino,
964 2465 1038 2547 quia
1054 2462 1240 2527 interfectus

213 2567 289 2635 erat,
308 2559 347 2622 dc
367 2558 499 2636 Ceriale,
519 2572 554 2624 ut
571 2561 802 2624 interficeretur.
826 2559 1029 2642 nequeenim
1046 2557 1147 2622 multo
1166 2568 1241 2642 post

213 2652 277 2715 vim
292 2652 352 2716 sibi
366 2653 478 2730 attulit,
497 2654 617 2718 minore
635 2676 730 2737 quam
743 2655 838 2718 ceteri
850 2653 1058 2728 miseratione,
1078 2652 1155 2735 quia
1167 2674 1241 2736 pro-

169 2763 172 2770 ·
213 2746 310 2809 ditam
329 2746 367 2811 C.
387 2747 517 2812 Caesari
535 2749 779 2813 coniurationem
796 2748 836 2813 ab
854 2771 893 2814 eo
909 2747 1125 2811 meminerant.

164 2855 194 2901 18
276 2840 328 2902 Dc
338 2840 485 2906 Petronio
503 2865 603 2925 pauca
616 2866 712 2927 supra
724 2843 893 2928 repetenda
914 2838 999 2906 aurit:
1017 2863 1091 2904 uam
1109 2840 1157 2903 illi
1171 2840 1240 2903 dies

212 2953 268 3015 per
281 2953 435 3008 somnum,
454 2956 517 2996 nox
534 2935 647 2998 officiis
658 2944 689 2998 et
701 2935 936 3001 oblectamentis
946 2935 1028 2999 vitae
1043 2933 1241 3020 transigeba-

213 3035 271 3101 tur,
290 3035 385 3108 utque
396 3025 472 3091 alios
482 3027 643 3105 industria,
661 3028 706 3092 ita
715 3028 799 3094 hunc
807 3030 935 3116 ignavia
944 3029 984 3092 ad
998 3028 1116 3091 samam
1131 3037 1241 3112 protu-

212 3118 304 3196 lerat,
323 3120 559 3204 habebaturque
577 3145 640 3186 uon
657 3144 760 3208 ganeo
778 3132 809 3187 et
825 3122 1019 3208 profligator,
1042 3130 1078 3184 ut
1094 3120 1240 3204 plerique

214 3237 272 3279 sua
288 3215 507 3293 harrrieutium,
527 3216 583 3280 sed
601 3218 721 3282 erudito
738 3218 824 3281 luxu.
847 3240 885 3283 ac
903 3218 987 3281 dieta
1004 3216 1153 3298 factaque
1171 3217 1241 3281 eius

212 3318 329 3391 quanto
344 3309 492 3374 solutiora
505 3320 536 3373 et
545 3311 701 3394 quandam
711 3312 761 3375 sui
773 3311 1004 3397 neglegentiam
1017 3309 1240 3394 praeferentia,
1258 3355 1262 3360 -

212 3413 298 3467 tauto
316 3404 435 3488 gratius
458 3404 488 3466 in
512 3404 648 3488 speeiem
667 3405 872 3490 simplicitatis
892 3403 1139 3489 accipiebantur3
1167 3425 1243 3489 pro-

212 3497 322 3562 consul
344 3507 448 3560 tameu
470 3496 637 3582 Bithyniae
659 3507 690 3561 ct
715 3520 790 3561 mox
816 3498 926 3563 consul
951 3498 1110 3584 vigentem
1138 3520 1175 3561 se
1203 3521 1243 3563 ac

211 3614 319 3678 parem
336 3591 469 3676 negotiis
487 3592 622 3656 ostendit
627 3616 636 3668 3
655 3592 727 3656 dein
744 3593 903 3658 revolutus
917 3593 958 3656 ad
970 3591 1055 3668 vitia,
1075 3613 1133 3656 seu
1146 3592 1243 3657 vitioss

211 3710 281 3751 rum
298 3687 468 3751 imitatione
485 3687 565 3751 inter
580 3709 698 3772 paucos
711 3687 910 3752 familiarium
918 3688 1035 3753 Neroni
1049 3687 1241 3774 adsumptus

212 3791 270 3859 est,
289 3782 461 3868 elegantiae
471 3781 593 3858 arbiter,
613 3781 687 3845 dum
701 3782 778 3846 nihil
787 3804 952 3847 amoenum
962 3791 994 3846 ct
1002 3781 1095 3846 molle
1105 3782 1243 3848 affluen-

213 3877 255 3941 tia
263 3886 361 3963 putat,
380 3876 440 3940 nisi
450 3875 535 3959 quod
544 3877 572 3940 ei
582 3875 746 3941 Petronius
756 3876 1007 3962 adprobavisset3
1024 3876 1109 3940 uude
1118 3876 1244 3942 invidia

212 3970 361 4056 Tigellini
379 3973 470 4055 quasi
492 3972 643 4036 adversus
666 3973 824 4036 aemulum
842 3981 873 4036 et
891 3972 1021 4036 scientia
1038 3970 1243 4057 voluptatum

210 4065 372 4149 potiorem.
396 4089 471 4152 ergo
486 4065 700 4129 crudelitatem
712 4064 870 4150 principis,
890 4065 941 4128 cui
955 4073 1076 4129 ceterae
1089 4063 1242 4131 libidines

211 4150 376 4235 cedebant,
408 4160 601 4244 adgreditur,
637 4160 805 4224 amicitiam
832 4157 979 4225 Scaeuini
1003 4158 1156 4225 Petronio
1184 4161 1243 4226 ob-
