2760 4874
212 381 273 445 196
556 390 740 447 CORNELII
752 388 885 446 Tacl'rl

1133 489 1155 520 a.
1165 491 1186 520 u.
1198 481 1241 520 sor.

160 573 191 618 :ia
273 546 501 634 Trepidabatur
522 547 619 613 nihilo
641 548 745 613 minus
767 571 787 613 a
809 545 961 613 Caesare:
984 548 1107 633 quippe
1130 545 1242 624 Getae,

207 644 353 731 praetorii
379 642 551 728 praelecto,
578 641 663 706 hand
685 643 761 708 satis
783 639 936 719 fidebant,
962 642 1006 706 ad
1025 642 1166 708 honesta
1188 665 1243 708 seu

208 761 305 824 prava
322 737 409 801 iuxta
427 735 501 800 levi:
520 757 596 821 crgo
613 735 797 813 Narcissus,
819 735 1008 821 adsumptis.
1019 733 1140 818 quibus
1158 735 1243 800 idem

208 842 321 908 metus,
331 854 394 895 non
403 829 496 894 aliam
505 852 593 915 spem
602 829 977 895 incolumitatisCaesaris
985 829 1136 908 affirmat,
1147 852 1242 914 quam

208 927 237 991 si
258 926 307 991 ius
329 925 462 989 militum
485 945 547 989 uno
569 924 624 989 illo
645 924 696 989 die
717 925 751 989 in
773 923 909 1008 aliquem
930 923 1118 989 libertorum
1140 935 1243 990 trans-

208 1021 316 1098 serret3
344 1040 439 1102 seque
462 1018 553 1084 offert
576 1029 809 1104 susceptnrnm3
836 1040 873 1083 ao
894 1040 949 1096 ne,
971 1018 1051 1083 dum
1072 1017 1108 1083 in
1129 1019 1243 1085 urbem

208 1114 344 1190 vehitur,
368 1112 409 1177 ad
430 1113 652 1198 paenitentiam
674 1136 693 1177 a
710 1113 752 1177 L.
770 1112 898 1177 Vitellio
919 1125 947 1177 et
963 1113 1078 1199 Largo
1101 1112 1243 1179 Caecina

207 1220 391 1284 mutaretur,
409 1207 442 1271 in
460 1207 571 1271 eodem
588 1208 762 1293 gestamine
780 1207 887 1272 sedem
904 1208 1007 1293 poscit
1024 1209 1199 1292 sumitque.

157 1322 189 1370 tr
273 1302 393 1368 Crebra
414 1312 486 1387 post
507 1300 585 1365 liaeo
611 1301 696 1365 lama
718 1301 790 1378 fuit,
817 1300 898 1366 inter
919 1301 1063 1367 diversas
1089 1303 1241 1389 principis

207 1418 315 1473 voces,
339 1417 412 1459 cum
433 1395 526 1458 modo
547 1395 702 1459 incusaret
724 1394 843 1480 flagitia
863 1394 984 1473 uxoris,
1008 1395 1185 1479 aliquando
1203 1397 1243 1461 ad

206 1490 388 1554 memoriam
414 1488 551 1573 coniugii
572 1497 603 1552 et
626 1488 792 1552 infantium
817 1487 986 1553 liberorum
1012 1489 1241 1567 revolveretur,

207 1606 269 1649 non
291 1584 376 1648 aliud
398 1583 593 1667 prolocutum
611 1581 773 1646 Vitellium
795 1603 889 1665 quarn
913 1605 952 1662 „o
969 1581 1111 1648 facinusl
1135 1606 1156 1649 o
1175 1606 1243 1650 sce-

207 1676 295 1741 lnsl“
318 1676 455 1740 instabat
476 1676 602 1759 quidem
620 1675 785 1741 Narcissus
808 1676 928 1761 aperire
950 1675 1105 1763 ambages
1124 1687 1158 1742 et
1176 1679 1241 1743 veri
1355 1670 1359 1687 '

207 1770 329 1856 copiam
343 1770 460 1846 sacerc;
480 1770 536 1833 sed
549 1792 611 1834 non
624 1770 695 1835 idco
712 1770 852 1855 pervicit,
871 1771 948 1854 quin
960 1793 1119 1857 suspensa
1132 1782 1166 1837 et
1178 1794 1242 1856 quo

206 1865 392 1928 ducerentur
409 1864 594 1928 inclinatura
611 1865 824 1950 responderet,
843 1865 1049 1950 exemploque
1067 1866 1140 1932 eius
1159 1868 1242 1932 Lar-

206 1980 266 2043 gus
290 1956 427 2023 Caecina
450 1968 595 2022 uteretur.
627 1968 657 2022 et
679 1962 741 2024 iam
767 1968 833 2022 crat
853 1954 886 2022 in
908 1969 1039 2044 aspectu
1059 1957 1243 2027 Messalina

206 2051 445 2134 clamitabatque
464 2052 585 2116 audiret
600 2050 753 2117 Octaviae
767 2061 798 2116 et
810 2050 984 2117 Britannici
1000 2062 1147 2131 matrem,
1168 2077 1241 2119 cum

206 2145 385 2231 obstrepere
399 2155 570 2220 accusator,
592 2142 704 2210 Silium
718 2154 748 2209 ct
765 2146 890 2231 nuptias
903 2146 1057 2224 referens3
1076 2147 1176 2212 simul
1190 2171 1242 2213 co-
1358 2226 1361 2231 Ι

206 2239 327 2305 dicillos
340 2239 504 2304 libidinum
518 2239 636 2304 indices
652 2240 786 2317 tradidit,
801 2240 871 2323 quis
885 2240 972 2305 visus
984 2239 1135 2307 Caesaris
1149 2264 1240 2307 aver-

206 2344 298 2412 teret3
316 2357 374 2398 nec
392 2333 490 2401 multo
508 2343 581 2418 post
598 2332 708 2399 urbem
721 2334 907 2421 ingredienti
920 2333 1136 2400 offerebantur
1153 2358 1242 2401 com·

205 2450 317 2493 innuas
338 2427 441 2504 liberi,
464 2427 525 2490 nisi
542 2426 708 2492 Narcissus
732 2428 869 2492 amoveri
891 2451 945 2493 eos
966 2428 1124 2494 iussisset.
1148 2429 1242 2494 Vibi-

206 2523 290 2587 diam
308 2521 462 2607 depellere
480 2521 629 2604 nequivit,
648 2521 723 2603 quin
741 2522 839 2585 multa
856 2544 929 2586 cum
946 2521 1063 2586 invidia
1080 2522 1241 2609 flagitaret

205 2639 244 2680 ne
262 2616 426 2679 indefensa
445 2615 559 2678 coniux
577 2615 671 2678 exitio
685 2615 823 2693 daretur3
841 2615 937 2701 igitur
954 2615 1136 2681 auditurum
1153 2618 1241 2702 prin-

206 2711 307 2795 cipem
325 2721 356 2774 ct
378 2710 444 2774 fore
463 2709 601 2772 diluendi
619 2709 755 2773 criminis
778 2709 960 2774 facultatem
977 2711 1157 2796 respondit:
1180 2713 1239 2776 iret

205 2805 328 2870 interim
346 2805 435 2889 virgo
454 2814 485 2867 et
503 2825 591 2868 saera
610 2814 796 2888 capesseret.
975 2879 981 2887 ,
1188 2869 1191 2873 ,
1250 2876 1252 2880 ,

155 2922 187 2970 35
268 2898 387 2962 Mirum
410 2899 489 2960 inter
510 2898 588 2961 hacc
611 2898 768 2962 silentium
792 2896 931 2976 Claudii,
953 2896 1101 2964 Vitellius
1124 2900 1239 2986 ignaro

205 2993 344 3079 propior:
367 2992 472 3055 omnia
489 2990 600 3055 liberto
618 2990 813 3057 obediebant.
840 2992 980 3077 patefieri
997 2993 1129 3057 domurn
1148 2994 1240 3058 adul-

205 3088 262 3151 teri
280 3096 373 3168 atque
395 3085 468 3149 illuc
490 3085 603 3148 deduci
624 3085 842 3171 imperatorem
863 3085 963 3151 iubet:
986 3107 1023 3151 ao
1045 3086 1187 3171 primum
1205 3087 1239 3151 in

205 3180 359 3246 vestibulo
374 3179 509 3265 effigiem
524 3179 620 3264 patris
636 3177 706 3245 Silii
720 3180 861 3244 consulto
876 3189 1002 3245 senatus
1017 3178 1169 3245 abolitam
1182 3181 1239 3247 de-

205 3284 370 3351 monstrat,
394 3284 473 3350 tum,
498 3273 650 3357 quidquid
667 3274 786 3338 avitum
802 3274 978 3339 Neronibus
997 3283 1028 3338 et
1044 3273 1181 3354 Drusis,
1199 3277 1238 3344 >in

204 3370 337 3455 pretium
360 3361 634 3453 probri'cessisse3
657 3368 881 3452 incensumque
903 3378 934 3432 et
951 3370 992 3432 ad
1009 3368 1112 3434 minas
1131 3391 1238 3434 erum-

205 3474 330 3549 pentem
348 3462 457 3526 castris
475 3462 577 3538 infert,
596 3472 704 3547 parata
722 3463 864 3527 contione
882 3463 1030 3540 militum3
1049 3463 1136 3547 apud
1154 3485 1236 3547 quos

204 3567 424 3644 praemonente
442 3555 590 3621 Narcisso
607 3579 709 3641 pauca
725 3556 822 3621 verba
839 3557 927 3621 feeit:
945 3581 1019 3621 nam
1036 3557 1096 3621 etsi
1113 3557 1236 3623 iustum

205 3653 344 3719 dolorem
352 3651 454 3737 pudor
466 3650 664 3736 impediebat.
684 3651 850 3714 continuus
865 3650 976 3715 dehinc
985 3650 1163 3733 cohortium
1173 3653 1237 3717 cla-

88 3810 98 3821 ,
204 3772 272 3814 naor
292 3747 419 3812 nomina
441 3768 565 3810 reorum
587 3755 617 3809 et
638 3767 757 3830 poenas
780 3746 1000 3833 flagitantium
1023 3746 1236 3830 admotusque

206 3841 303 3908 Silius
329 3840 476 3905 tribunali
497 3862 560 3904 non
583 3839 810 3917 defensionem,
837 3864 901 3905 non
926 3863 1029 3906 moras
1056 3842 1233 3926 temptavit,

204 3946 347 4021 precatus
366 3944 400 3997 ut
422 3957 506 3998 mors
529 3935 759 3999 acceleraretur.
788 3937 898 4000 eadem
920 3935 1096 4001 constantia
1114 3945 1145 3999 et
1163 3936 1234 4000 illu-

204 4038 284 4092 stres
308 4028 428 4109 equites
451 4027 609 4092 Romanoa
632 4029 761 4113 cupidos
787 4039 928 4094 maturae
948 4029 1035 4095 neeis
1057 4028 1140 4094 feeit:
1171 4029 1231 4116 [et]

205 4121 324 4185 Titium
342 4120 525 4195 Proculum,
550 4123 710 4186 custodem
728 4147 747 4186 a
766 4120 844 4187 Silio
863 4123 1055 4189 Messalinae
1073 4122 1184 4187 datum
1201 4139 1231 4190 et
